cat, subCat, img, name, price, ratingScore, ratingCount, pricePerAmount
materialy-budowlane, akcesoria-budowlane, https://images.obi.pl/product/PL/thumb/512913_1.jpg, Bayersystem Drabina wielofunkcyjna TG-DW 3 x 7 szczebli, 398.00 zł, 4.2, 18, 398.00 zł / szt.
materialy-budowlane, akcesoria-budowlane, https://images.obi.pl/product/PL/thumb/307949_1.jpg, Skiva Taczka spawana 90L, 248.00 zł, 4.5, 25, 248.00 zł / szt.
materialy-budowlane, akcesoria-budowlane, https://images.obi.pl/product/PL/thumb/472741_1.jpg, CMI Pianka montażowa wężykowa 750 ml, 17.99 zł, 4.3, 10, 23.99 zł / l
materialy-budowlane, akcesoria-budowlane, https://images.obi.pl/product/PL/thumb/512911_1.jpg, Bayersystem Drabina wielofunkcyjna TG-DW 3 x 9 szczebli, 598.00 zł, 4.6, 14, 598.00 zł / szt.
materialy-budowlane, akcesoria-budowlane, https://images.obi.pl/product/PL/thumb/307950_1.jpg, Skiva Taczka Spawana skręcana, 299.00 zł, 4.1, 8, 299.00 zł / szt.
materialy-budowlane, akcesoria-budowlane, https://images.obi.pl/product/PL/thumb/338529_1.jpg, LUX Plandeka 120 g/m2 zielona 4 m x 6 m, 82.99 zł, 4.4, 118, 82.99 zł / szt.
materialy-budowlane, akcesoria-budowlane, https://images.obi.pl/product/PL/thumb/605989_1.jpg, GruzBag Worek na gruz z usługą odbioru, 309.00 zł, 4.3, 3, 309.00 zł / szt.
materialy-budowlane, akcesoria-budowlane, https://images.obi.pl/product/PL/thumb/136965_1.jpg, LUX Plandeka 80 g/m2 zielona 2 m x 3 m, 13.99 zł, 4.4, 184, 13.99 zł / szt.
materialy-budowlane, akcesoria-budowlane, https://images.obi.pl/product/PL/thumb/158555_1.jpg, Soudal Pianka montażowa z aplikatorem Genius Gun 750 ml, 26.99 zł, 4.2, 5, 35.99 zł / l
materialy-budowlane, akcesoria-budowlane, https://images.obi.pl/product/PL/thumb/285636_1.jpg, KRAUSE Drabina wielofunkcyjna 3x9 CORDA, 699.00 zł, 5, 3, 699.00 zł / szt.
materialy-budowlane, akcesoria-budowlane, https://images.obi.pl/product/PL/thumb/534437_1.jpg, Daniel Drabina rozstawna lakierowana DRL-6 Lux, 189.00 zł, 5, 1, 189.00 zł / szt.
materialy-budowlane, akcesoria-budowlane, https://images.obi.pl/product/PL/thumb/592888_2.jpg, Altrad Poland Betoniarka MIX-130/ŻKE 550 W, 999.00 zł, 4.6, 5, 999.00 zł / szt.
materialy-budowlane, akcesoria-budowlane, https://images.obi.pl/product/PL/thumb/512858_1.jpg, Fola Worek na gruz 65 cm x 105 cm, 7.99 zł, 4, 2, 7.99 zł / szt.
materialy-budowlane, akcesoria-budowlane, https://images.obi.pl/product/PL/thumb/618892_1.jpg, Bayersystem Drabina przystawna TG-DJ 1 x 10 szczebli, 229.00 zł, 0, 0, 229.00 zł / szt.
materialy-budowlane, akcesoria-budowlane, https://images.obi.pl/product/PL/thumb/285637_1.jpg, KRAUSE Drabina wielofunkcyjna 3x11 CORDA, 999.00 zł, 4.4, 7, 999.00 zł / szt.
materialy-budowlane, akcesoria-budowlane, https://images.obi.pl/product/PL/thumb/691663_1.jpg, Skiva Taczka spawana SPC-T2 90 L, 349.00 zł, 0, 0, 349.00 zł / szt.
materialy-budowlane, akcesoria-budowlane, https://images.obi.pl/product/PL/thumb/626620_1.jpg, Skiva Betoniarka SB-100 550 W, 849.00 zł, 4.4, 15, 849.00 zł / szt.
materialy-budowlane, akcesoria-budowlane, https://images.obi.pl/product/PL/thumb/544040_1.jpg, Soudal Pianka montażowa pistoletowa Okna & Drzwi 750 ml, 29.99 zł, 5, 2, 39.99 zł / l
materialy-budowlane, akcesoria-budowlane, https://images.obi.pl/product/PL/thumb/497831_1.jpg, LUX Plandeka 120 g/m2 biała 3 m x 4 m, 41.99 zł, 4.4, 185, 41.99 zł / szt.
materialy-budowlane, akcesoria-budowlane, https://images.obi.pl/product/PL/thumb/338529_1.jpg, LUX Plandeka 120 g/m2 zielona 6 m x 8 m, 155.00 zł, 4.4, 183, 155.00 zł / szt.
materialy-budowlane, akcesoria-budowlane, https://images.obi.pl/product/PL/thumb/260974_1.jpg, Skiva Betoniarka SB-140 550 W, 999.00 zł / szt., 4.1, 11, 999.00 zł / opakowanie
materialy-budowlane, akcesoria-budowlane, https://images.obi.pl/product/PL/thumb/285634_1.jpg, KRAUSE Drabina wielofunkcyjna Tribilo 3x14 MONTO, 2 199.00 zł, 5, 1, 2 199.00 zł / szt.
materialy-budowlane, akcesoria-budowlane, https://images.obi.pl/product/PL/thumb/696563_1.jpg, Worek na gruz Big Bag 70 cm x 70 cm x 70 cm, 44.99 zł, 0, 0, 0
materialy-budowlane, akcesoria-budowlane, https://images.obi.pl/product/PL/thumb/338529_1.jpg, LUX Plandeka 80 g/m2 zielona 3 m x 4 m, 31.99 zł, 4.4, 184, 31.99 zł / szt.
materialy-budowlane, akcesoria-budowlane, https://images.obi.pl/product/PL/thumb/590226_1.jpg, Altrad Betoniarka B1610 1000 W, 1 499.00 zł, 4, 2, 1 499.00 zł / szt.
materialy-budowlane, akcesoria-budowlane, https://images.obi.pl/product/PL/thumb/499870_1.jpg, Krause Mini rusztowanie Corda, 999.00 zł, 5, 2, 999.00 zł / szt.
materialy-budowlane, akcesoria-budowlane, https://images.obi.pl/product/PL/thumb/285639_1.jpg, KRAUSE Drabina wielofunkcyjna 3x7 CORDA TR z funkcją ustawienia na schodach, 599.00 zł, 5, 1, 599.00 zł / szt.
materialy-budowlane, akcesoria-budowlane, https://images.obi.pl/product/PL/thumb/338529_1.jpg, LUX Plandeka 120 g/m2 zielona 3 m x 5 m, 49.99 zł, 4.4, 182, 49.99 zł / szt.
materialy-budowlane, akcesoria-budowlane, https://images.obi.pl/product/PL/thumb/285632_1.jpg, KRAUSE Drabina wielofunkcyjna Tribilo 3x10 MONTO, 1 299.00 zł, 5, 2, 1 299.00 zł / szt.
materialy-budowlane, akcesoria-budowlane, https://images.obi.pl/product/PL/thumb/285635_2.jpg, KRAUSE Drabina wielofunkcyjna 3x7 CORDA, 499.00 zł, 5, 4, 499.00 zł / szt.
materialy-budowlane, akcesoria-budowlane, https://images.obi.pl/product/PL/thumb/478287_1.jpg, Soudal Pianka montażowa z aplikatorem Genius Gun zimowa 750 ml, 26.99 zł, 5, 1, 35.99 zł / l
materialy-budowlane, akcesoria-budowlane, https://images.obi.pl/product/PL/thumb/285633_1.jpg, KRAUSE Drabina wielofunkcyjna Tribilo 3x12 MONTO, 1 649.00 zł, 5, 1, 1 649.00 zł / szt.
materialy-budowlane, akcesoria-budowlane, https://images.obi.pl/product/PL/thumb/696610_1.jpg, Skiva Drabina wielofunkcyjna 3 x 7 szczebli, 399.00 zł, 0, 0, 0
materialy-budowlane, akcesoria-budowlane, https://images.obi.pl/product/PL/thumb/553785_1.jpg, Rew-Ton Przęsło konstrukcyjne 1101 1 m, 79.99 zł, 3.2, 9, 79.99 zł / szt.
materialy-budowlane, akcesoria-budowlane, https://images.obi.pl/product/PL/thumb/632595_1.jpg, Fola Membrana dachowa Expert 1.5 m x 50 m 180 g / m2, 499.00 zł, 0, 0, 6.66 zł / m2
materialy-budowlane, akcesoria-budowlane, https://images.obi.pl/product/PL/thumb/690060_1.jpg, Pianka Iozuplus izolacja termiczna 750 ml, 47.99 zł, 0, 0, 63.99 zł / l
materialy-budowlane, akcesoria-budowlane, https://images.obi.pl/product/PL/thumb/263568_1.jpg, Soudal Pianka montażowa z aplikatorem Genius Gun 300 ml, 21.99 zł, 5, 1, 73.30 zł / l
materialy-budowlane, akcesoria-budowlane, https://images.obi.pl/product/PL/thumb/338529_1.jpg, LUX Plandeka 120 g/m2 zielona 2 m x 3 m, 25.99 zł, 4.4, 119, 25.99 zł / szt.
materialy-budowlane, akcesoria-budowlane, https://images.obi.pl/product/PL/thumb/421602_1.jpg, Soudal Pianka montażowa wężykowa Soudafoam EX-TRA 66 750 ml, 34.99 zł, 5, 1, 46.66 zł / l
materialy-budowlane, akcesoria-budowlane, https://images.obi.pl/product/PL/thumb/158559_1.jpg, Soudal Płyn czyszczący Gun & Foam Cleaner 500 ml, 29.99 zł, 5, 1, 59.98 zł / l
materialy-budowlane, akcesoria-budowlane, https://images.obi.pl/product/PL/thumb/281772_1.jpg, Piana pistoletowa EXPERT LINE 750 ml, 28.99 zł, 0, 0, 38.66 zł / l
materialy-budowlane, akcesoria-budowlane, https://images.obi.pl/product/PL/thumb/544041_1.jpg, Soudal Ściereczki czyszczące SWIPEX XXL 20 sztuk, 19.99 zł, 0, 0, 1.00 zł / szt.
materialy-budowlane, akcesoria-budowlane, https://images.obi.pl/product/PL/thumb/640852_1.jpg, Soudal Piana montażowa z aplikatorem Genius Gun 500ml + 20% gratis, 24.99 zł, 5, 1, 41.65 zł / l
materialy-budowlane, akcesoria-budowlane, https://images.obi.pl/product/PL/thumb/628711_2.jpg, Fola Worek na gruz Big Bag 91 cm x 91 cm x 120 cm, 69.99 zł, 5, 2, 69.99 zł / szt.
materialy-budowlane, akcesoria-budowlane, https://images.obi.pl/product/PL/thumb/634622_1.jpg, Fola Membrana dachowa Expert 1.5 m x 50 m 180 g/m, 12.73 zł, 0, 0, 8.49 zł / m2
materialy-budowlane, akcesoria-budowlane, https://images.obi.pl/product/PL/thumb/281773_1.jpg, Piana montażowa EXPERT LINE 750 ml, 25.99 zł, 0, 0, 34.66 zł / l
materialy-budowlane, akcesoria-budowlane, https://images.obi.pl/product/PL/thumb/300062_1.jpg, Altrad Poland Betoniarka MK-185 PROFI 145l korba, 2 699.00 zł, 0, 0, 2 699.00 zł / szt.
materialy-budowlane, akcesoria-budowlane, https://images.obi.pl/product/PL/thumb/634620_1.jpg, Fola Membrana dachowa Strong 1.5 m x 50 m 150 g/m, 10.48 zł, 0, 0, 6.99 zł / m2
materialy-budowlane, akcesoria-budowlane, https://images.obi.pl/product/PL/thumb/687605_1.jpg, Krause Aluminiowe rusztowanie robocze Clim Tec 1. kondygnacja 5 m, 2 199.00 zł, 0, 0, 2 199.00 zł / szt.
materialy-budowlane, akcesoria-budowlane, https://images.obi.pl/product/PL/thumb/687606_1.jpg, Krause Aluminiowe rusztowanie robocze Clim Tec 2. kondygnacja 7 m, 2 599.00 zł, 0, 0, 2 599.00 zł / szt.
materialy-budowlane, akcesoria-budowlane, https://images.obi.pl/product/PL/thumb/564271_1.jpg, Kurtyna przeciwkurzowa 100 cm x 215 cm, 40.99 zł, 5, 1, 40.99 zł / szt.
materialy-budowlane, akcesoria-budowlane, https://images.obi.pl/product/PL/thumb/505066_1.jpg, Patrol Group Miska na gips 500 ml, 11.99 zł, 0, 0, 11.99 zł / szt.
materialy-budowlane, akcesoria-budowlane, https://images.obi.pl/product/PL/thumb/170184_1.jpg, Rew-Ton Podest z blachy perforowanej 12-A/B, 299.00 zł, 0, 0, 299.00 zł / szt.
materialy-budowlane, akcesoria-budowlane, https://images.obi.pl/product/PL/thumb/262127_1.jpg, Ceresit Piana Whiteteq pistoletowa 750 ml, 39.99 zł, 5, 1, 53.32 zł / l
materialy-budowlane, akcesoria-budowlane, https://images.obi.pl/product/PL/thumb/662276_1.jpg, Krause Drabina przegubowa z platformą Corda 4x3, 899.00 zł, 0, 0, 899.00 zł / szt.
materialy-budowlane, akcesoria-budowlane, https://images.obi.pl/product/PL/thumb/697833_1.jpg, Folia żółta 1.2 m x 8 m, 14.99 zł, 0, 0, 1.57 zł / m2
materialy-budowlane, akcesoria-budowlane, https://images.obi.pl/product/PL/thumb/697834_1.jpg, Drabina drewniana 2 elementowa 2 x 5, 399.00 zł, 0, 0, 0
materialy-budowlane, akcesoria-budowlane, https://images.obi.pl/product/PL/thumb/158556_1.jpg, Soudal Pianka montażowa z aplikatorem Genius Gun 500 ml, 24.99 zł, 4.5, 2, 49.98 zł / l
materialy-budowlane, akcesoria-budowlane, https://images.obi.pl/product/PL/thumb/603433_1.jpg, Soudal Pianka montażowa pistoletowa Soudafoam Maxi 870 ml, 44.99 zł, 0, 0, 51.72 zł / l
materialy-budowlane, akcesoria-budowlane, https://images.obi.pl/product/PL/thumb/632593_1.jpg, Fola Membrana dachowa Strong 1.5 m x 50 m 150 g / m2, 469.00 zł, 0, 0, 6.26 zł / m2
materialy-budowlane, akcesoria-budowlane, https://images.obi.pl/product/PL/thumb/673712_1.jpg, Mapei Wiadro 16 l, 19.99 zł, 0, 0, 19.99 zł / szt.
materialy-budowlane, akcesoria-budowlane, https://images.obi.pl/product/PL/thumb/696160_1.jpg, Soudal Piana ognioochronna Soudafoam pistolet 750 ml, 129.00 zł, 0, 0, 172.00 zł / l
materialy-budowlane, akcesoria-budowlane, https://images.obi.pl/product/PL/thumb/695536_1.jpg, Worek na gruz Big Bag 91 x 91 x 120 cm, 69.99 zł, 0, 0, 0
materialy-budowlane, akcesoria-budowlane, https://images.obi.pl/product/PL/thumb/367385_1.jpg, Soudal Pianka montażowa pistoletowa Soudafoam Low Expansion 750 ml, 39.99 zł, 0, 0, 53.32 zł / l
materialy-budowlane, akcesoria-budowlane, https://images.obi.pl/product/PL/thumb/478236_1.jpg, Soudal Ściereczki czyszczące SWIPEX XXL 80 sztuk, 41.99 zł, 0, 0, 41.99 zł / szt.
materialy-budowlane, akcesoria-budowlane, https://images.obi.pl/product/PL/thumb/300055_1.jpg, Altrad Poland Betoniarka BWE-200KJ 200l korba, 4 699.00 zł, 0, 0, 4 699.00 zł / szt.
materialy-budowlane, akcesoria-budowlane, https://images.obi.pl/product/PL/thumb/339972_1.jpg, Soudal Flexifoam - pianka superelastyczna 750 ml, 39.99 zł, 0, 0, 53, 32 zł / l
materialy-budowlane, akcesoria-budowlane, https://images.obi.pl/product/PL/thumb/696159_1.jpg, Soudal Piana ognioochronna Soudafoam 750 ml, 129.00 zł, 0, 0, 172.00 zł / l
materialy-budowlane, akcesoria-budowlane, https://images.obi.pl/product/PL/thumb/118250_2.jpg, Krause Rusztowanie bazowe Clim Tec, 1 799.00 zł, 0, 0, 1 799.00 zł / szt.
materialy-budowlane, akcesoria-budowlane, https://images.obi.pl/product/PL/thumb/252703_1.jpg, Unicell Sito 115 cm x 70 cm x 8 mm z podporą, 199.00 zł, 0, 0, 199.00 zł / szt.
materialy-budowlane, akcesoria-budowlane, https://images.obi.pl/product/PL/thumb/580590_1.jpg, Soudal Pianka Comfort Genius Gun montażowa 750 ml, 39.99 zł, 0, 0, 53.32 zł / l
materialy-budowlane, akcesoria-budowlane, https://images.obi.pl/product/PL/thumb/118253_1.jpg, Zestaw rolek jezdnych Krause ClimTec, 599.00 zł, 0, 0, 599.00 zł / szt.
materialy-budowlane, akcesoria-budowlane, https://images.obi.pl/product/PL/thumb/646954_1.jpg, Expert Line Piana pistoletowa ThermoFoam White 750 ml, 34.99 zł, 0, 0, 46.66 zł / l
materialy-budowlane, akcesoria-budowlane, https://images.obi.pl/product/PL/thumb/367383_1.jpg, Soudal Pianka montażowa wężykowa Soudafoam 2K 400 ml, 45.99 zł, 0, 0, 114.98 zł / l
materialy-budowlane, akcesoria-budowlane, https://images.obi.pl/product/PL/thumb/603438_1.jpg, Soudal Pianka montażowa pistoletowa Soudafoam 1K FR 750 ml, 129.00 zł, 0, 0, 172.00 zł / l
materialy-budowlane, akcesoria-budowlane, https://images.obi.pl/product/PL/thumb/281732_1.jpg, Piana pistoletowa 65 PVC EXPERT LINE Professional 840 ml, 39.99 zł, 0, 0, 47.61 zł / l
materialy-budowlane, akcesoria-budowlane, https://images.obi.pl/product/PL/thumb/285642_1.jpg, KRAUSE Pomost roboczy 2x6 CORDA, 799.00 zł, 0, 0, 799.00 zł / szt.
materialy-budowlane, akcesoria-budowlane, https://images.obi.pl/product/PL/thumb/512912_1.jpg, Bayersystem Drabina wielofunkcyjna BS-DW 3 x 11 szczebli, 749.00 zł / szt., 3, 3, 749.00 zł / opakowanie
materialy-budowlane, akcesoria-budowlane, https://images.obi.pl/product/PL/thumb/158557_1.jpg, Soudal Pianka montażowa pistoletowa Soudafoam Classic 750 ml, 32.99 zł, 3.5, 2, 43.99 zł / l
materialy-budowlane, akcesoria-budowlane, https://images.obi.pl/product/PL/thumb/444264_1.jpg, Patrol Group Kastra budowlana prostokątna 40 l, 34.99 zł, 4.3, 6, 34.99 zł / szt.
materialy-budowlane, akcesoria-budowlane, https://images.obi.pl/product/PL/thumb/553457_1.jpg, CMI Pianka montażowa wężykowa zimowa 750 ml, 19.99 zł, 3, 1, 26.66 zł / l
materialy-budowlane, akcesoria-budowlane, https://images.obi.pl/product/PL/thumb/546987_1.jpg, CMI Pianka montażowa pistoletowa 750 ml, 24.99 zł, 2.7, 3, 33.32 zł / l
materialy-budowlane, akcesoria-budowlane, https://images.obi.pl/product/PL/thumb/444262_2.jpg, Patrol Group Wiadro budowlane bez lejka 12 l, 6.99 zł, 5, 1, 6.99 zł / szt.
materialy-budowlane, akcesoria-budowlane, https://images.obi.pl/product/PL/thumb/444260_1.jpg, Patrol Group Wiadro budowlane z lejkiem 12 l, 7.99 zł, 4.5, 2, 7.99 zł / szt.
materialy-budowlane, akcesoria-budowlane, https://images.obi.pl/product/PL/thumb/281771_1.jpg, Partner Fix Pianka montażowa 750 ml, 18.99 zł, 2.5, 4, 25.32 zł / l
materialy-budowlane, akcesoria-budowlane, https://images.obi.pl/product/PL/thumb/588605_1.jpg, Patrol Group Wiadro budowlane Profi bez lejka 20l, 13.99 zł, 4.6, 5, 13.99 zł / szt.
materialy-budowlane, akcesoria-budowlane, https://images.obi.pl/product/PL/thumb/444263_1.jpg, Patrol Group Wiadro budowlane z lejkiem 5 l, 5.99 zł, 5, 3, 5.99 zł / szt.
materialy-budowlane, akcesoria-budowlane, https://images.obi.pl/product/PL/thumb/628418_1.jpg, Fola Folia budowlana atestowana czarna 0.30 mm, 195.00 zł, 0, 0, 1.95 zł / m2
materialy-budowlane, akcesoria-budowlane, https://images.obi.pl/product/PL/thumb/444261_1.jpg, Patrol Group Wiadro budowlane z lejkiem 20 l, 14.99 zł, 4.5, 2, 14.99 zł / szt.
materialy-budowlane, akcesoria-budowlane, https://images.obi.pl/product/PL/thumb/281731_1.jpg, Piana pistoletowa PARTNER FIX 700 ml, 25.99 zł, 2.5, 2, 37.13 zł / l
materialy-budowlane, akcesoria-budowlane, https://images.obi.pl/product/PL/thumb/588604_1.jpg, Patrol Group Kastra budowlana okrągła 40 l, 34.99 zł, 5, 1, 34.99 zł / szt.
materialy-budowlane, akcesoria-budowlane, https://images.obi.pl/product/PL/thumb/263567_1.jpg, Soudal Płyn czyszczący do pianki 150 ml, 14.99 zł, 5, 2, 99.94 zł / l
materialy-budowlane, akcesoria-budowlane, https://images.obi.pl/product/PL/thumb/603436_1.jpg, Soudal Klej do styropianu Soudatherm Fasada 750 ml, 46.99 zł, 4, 1, 62.66 zł / l
materialy-budowlane, akcesoria-budowlane, https://images.obi.pl/product/PL/thumb/612149_1.jpg, Fola Worek budowlany czarny 160 l 5 sztuk, 17.45 zł, 4, 1, 3.49 zł / szt.
materialy-budowlane, akcesoria-budowlane, https://images.obi.pl/product/PL/thumb/638141_1.jpg, Jan Niezbędny Worki budowlane 300l, 34.99 zł, 0, 0, 5.84 zł / szt.
materialy-budowlane, akcesoria-budowlane, https://images.obi.pl/product/PL/thumb/607284_1.jpg, Fola Worek budowlany 70 l 5 sztuk, 11.99 zł, 0, 0, 11.99 zł / szt.
materialy-budowlane, akcesoria-budowlane, https://images.obi.pl/product/PL/thumb/534640_1.jpg, Fola Folia budowlana atestowana czarna 0.15 mm, 99.99 zł, 0, 0, 1.00 zł / m2
materialy-budowlane, akcesoria-budowlane, https://images.obi.pl/product/PL/thumb/627006_1.jpg, Fola Folia do ochrony 200 czarna 0.06 mm, 44.99 zł, 0, 0, 1.13 zł / m2
materialy-budowlane, akcesoria-budowlane, https://images.obi.pl/product/PL/thumb/546989_1.jpg, Soudal Preparat do usuwania pianki PU Remover 100 ml, 37.99 zł, 5, 1, 379.90 zł / l
materialy-budowlane, akcesoria-budowlane, https://images.obi.pl/product/PL/thumb/564300_1.jpg, Rew-Ton Łącznik do rusztowania kolumnowego 1.6 m, 69.99 zł, 0, 0, 69.99 zł / szt.
materialy-budowlane, akcesoria-budowlane, https://images.obi.pl/product/PL/thumb/564373_1.jpg, Soudal Aplikator do piany poliuretanowej 3 sztuki, 6.87 zł, 0, 0, 2.29 zł / szt.
materialy-budowlane, akcesoria-budowlane, https://images.obi.pl/product/PL/thumb/330765_1.jpg, Czyścik do pianek poliuretanowych 500 ml, 27.99 zł, 0, 0, 55.98 zł / l
materialy-budowlane, akcesoria-budowlane, https://images.obi.pl/product/PL/thumb/697735_1.jpg, Stopa do stabilizacji Corda 50x20 mm, 29.99 zł, 0, 0, 0
materialy-budowlane, akcesoria-budowlane, https://images.obi.pl/product/PL/thumb/564305_1.jpg, Rew-Ton Ukośnik do rusztowania kolumnowego 1,.6 m, 89.99 zł, 0, 0, 89.99 zł / szt.
materialy-budowlane, akcesoria-budowlane, https://images.obi.pl/product/PL/thumb/627006_1.jpg, Fola Folia do ochrony 200 czarna 0.08 mm 2 m x 50 m, 79.99 zł, 0, 0, 0, 80 zł / m2
materialy-budowlane, akcesoria-budowlane, https://images.obi.pl/product/PL/thumb/638139_1.jpg, Jan Niezbędny Worki budowlane 160l, 28.99 zł, 5, 1, 2.42 zł / szt.
materialy-budowlane, akcesoria-budowlane, https://images.obi.pl/product/PL/thumb/638138_1.jpg, Jan Niezbędny Worki budowlane 120l 15 stuk, 29.99 zł, 0, 0, 2.00 zł / szt.
materialy-budowlane, akcesoria-budowlane, https://images.obi.pl/product/PL/thumb/638140_1.jpg, Jan Niezbędny Worki budowlane 240l, 33.99 zł, 0, 0, 4.25 zł / szt.
materialy-budowlane, akcesoria-budowlane, https://images.obi.pl/product/PL/thumb/638144_1.jpg, Jan Niezbędny Worki budowlane torba 60 l, 23.99 zł, 0, 0, 2.40 zł / szt.
materialy-budowlane, akcesoria-budowlane, https://images.obi.pl/product/PL/thumb/564304_1.jpg, Rew-Ton Kółko do rusztowania kolumnowego, 199.00 zł, 0, 0, 199.00 zł / szt.
materialy-budowlane, akcesoria-budowlane, https://images.obi.pl/product/PL/thumb/315390_1.jpg, Krause Podpora do rusztowania ClimTec, 499.00 zł, 0, 0, 499.00 zł / szt.
materialy-budowlane, akcesoria-budowlane, https://images.obi.pl/product/PL/thumb/638145_1.jpg, Jan Niezbędny Worki budowlane torba 90 l, 29.99 zł, 0, 0, 3.00 zł / szt.
materialy-budowlane, akcesoria-budowlane, https://images.obi.pl/product/PL/thumb/662277_1.jpg, Platforma do drabiny Corda 4x3, 58.97 zł, 0, 0, 58.97 zł / szt.
materialy-budowlane, akcesoria-budowlane, https://images.obi.pl/product/PL/thumb/564303_1.jpg, Rew-Ton Łącznik do rusztowania kolumnowego 1 m, 59.99 zł, 0, 0, 59.99 zł / szt.
materialy-budowlane, akcesoria-budowlane, https://images.obi.pl/product/PL/thumb/564302_1.jpg, Rew-Ton Ukośnik do rusztowania kolumnowego 1 m, 79.99 zł, 0, 0, 79.99 zł / szt.
materialy-budowlane, akcesoria-budowlane, https://images.obi.pl/product/PL/thumb/575000_2.jpg, Baumaster Klej do styropianu Styrofix 750 ml, 35.99 zł, 3.7, 3, 47.99 zł / l
materialy-budowlane, akcesoria-budowlane, https://images.obi.pl/product/PL/thumb/687563_1.jpg, Baumaster Klej do styropianu Styrofix Aqua Graphite 750g, 37.99 zł, 3.7, 3, 50.66 zł / kg
materialy-budowlane, akcesoria-budowlane, https://images.obi.pl/product/PL/thumb/634627_1.jpg, Fola Folia budowlana 0.15 mm 4 m x 8 m, 44.99 zł, 3, 1, 1.41 zł / m2
materialy-budowlane, akcesoria-budowlane, https://images.obi.pl/product/PL/thumb/534642_1.jpg, Fola Folia do ochrony 300 czarna 0.12 mm, 6.99 zł / mb, 0, 0, 6.99 zł / opakowanie
materialy-budowlane, akcesoria-budowlane, https://images.obi.pl/product/PL/thumb/534640_1.jpg, Fola Folia budowlana atestowana czarna 0.2 mm, 129.00 zł, 3, 1, 1.29 zł / m2
materialy-budowlane, akcesoria-budowlane, https://images.obi.pl/product/PL/thumb/534642_1.jpg, Fola Folia do ochrony 200 czarna 0.06 mm, 4.29 zł / mb, 0, 0, 4.29 zł / opakowanie
materialy-budowlane, akcesoria-budowlane, https://images.obi.pl/product/PL/thumb/262116_1.jpg, Ceresit Piana Whiteteq z wężykiem 750 ml, 34.99 zł, 1, 1, 46.66 zł / l
materialy-budowlane, akcesoria-budowlane, https://images.obi.pl/product/PL/thumb/515894_1.jpg, Fola Folia remontowo-budowlana 3 m x 5 m, 23.99 zł, 2.3, 3, 1.60 zł / m2
materialy-budowlane, akcesoria-budowlane, https://images.obi.pl/product/PL/thumb/631034_1.jpg, Soudal Pianka do kręgów Genius Gun 750 ml, 36.99 zł, 2, 1, 49.32 zł / l
materialy-budowlane, akcesoria-budowlane, https://images.obi.pl/product/PL/thumb/628418_1.jpg, Fola Folia budowlana czarna 0.30 mm, 109.00 zł, 1, 1, 2.28 zł / m2
materialy-budowlane, akcesoria-budowlane, https://images.obi.pl/product/PL/thumb/612148_1.jpg, Fola Worek budowlany czarny 120 l 5 sztuk, 14.95 zł, 1, 1, 2.99 zł / szt.
materialy-budowlane, akcesoria-budowlane, https://images.obi.pl/product/PL/thumb/564301_1.jpg, Rew-Ton Podstawka do rusztowania kolumnowego, 59.99 zł, 1, 1, 59.99 zł / szt.
materialy-budowlane, akcesoria-budowlane, https://images.obi.pl/product/PL/thumb/638142_1.jpg, Jan Niezbędny Worki budowlane 120l 25 stuk, 44.99 zł, 1, 1, 1.80 zł / szt.
materialy-budowlane, odprowadzenia-wody-i-drenaz, https://images.obi.pl/product/PL/thumb/307920_1.jpg, Rura kanalizacyjna 160-500 mm, 32.99 zł, 5, 1, 65.98 zł / m
materialy-budowlane, odprowadzenia-wody-i-drenaz, https://images.obi.pl/product/PL/thumb/312142_1.jpg, Rura kanalizacyjna śr. 11 cm dł. 50 cm, 19.99 zł, 4.3, 4, 39.98 zł / m
materialy-budowlane, odprowadzenia-wody-i-drenaz, https://images.obi.pl/product/PL/thumb/275542_1.jpg, Scala Rura drenarska DN100 dł. 50m, 329.00 zł, 5, 3, 6.58 zł / m
materialy-budowlane, odprowadzenia-wody-i-drenaz, https://images.obi.pl/product/PL/thumb/662558_1.jpg, Oczyszczalnia ścieków 2000L, 2 599.00 zł, 0, 0, 0
materialy-budowlane, odprowadzenia-wody-i-drenaz, https://images.obi.pl/product/PL/thumb/479953_1.jpg, Scala Rura drenarska DN100 20 m, 199.00 zł, 0, 0, 9.95 zł / m
materialy-budowlane, odprowadzenia-wody-i-drenaz, https://images.obi.pl/product/PL/thumb/282580_1.jpg, Drewplast Rura drenarska z geowłókniną SF27 DN 100 50 mb, 629.00 zł, 0, 0, 12.58 zł / m
materialy-budowlane, odprowadzenia-wody-i-drenaz, https://images.obi.pl/product/PL/thumb/307913_1.jpg, Mufa 110 mm, 13.99 zł, 0, 0, 13.99 zł / szt.
materialy-budowlane, odprowadzenia-wody-i-drenaz, https://images.obi.pl/product/PL/thumb/312147_1.jpg, Studzienka odwodnieniowa 200x200 mm, 22.99 zł, 0, 0, 22.99 zł / szt.
materialy-budowlane, odprowadzenia-wody-i-drenaz, https://images.obi.pl/product/PL/thumb/264812_1.jpg, ACO SELF 2.0 Kanał z rusztem ocynk.  50 x 10 x 13 cm, 51.99 zł, 0, 0, 51.99 zł / szt.
materialy-budowlane, odprowadzenia-wody-i-drenaz, https://images.obi.pl/product/PL/thumb/146675_1.jpg, ACO Ruszt wycieraczki Vario z wypełnieniem z ryflowanej gumy 60 cm x 40 cm, 369.00 zł, 5, 1, 369.00 zł / szt.
materialy-budowlane, odprowadzenia-wody-i-drenaz, https://images.obi.pl/product/PL/thumb/146666_1.jpg, Aco Wanna wycieraczki Vario 60 cm x 40 cm, 159.00 zł, 5, 4, 159.00 zł / szt.
materialy-budowlane, odprowadzenia-wody-i-drenaz, https://images.obi.pl/product/PL/thumb/265416_1.jpg, Scala Kolano drenarskie DN 80, 9.96 zł, 0, 0, 9.96 zł / szt.
materialy-budowlane, odprowadzenia-wody-i-drenaz, https://images.obi.pl/product/PL/thumb/670486_1.jpg, Odpływ podłogowy regulowany prosty 100x100, 53.99 zł, 0, 0, 53.99 zł / szt.
materialy-budowlane, odprowadzenia-wody-i-drenaz, https://images.obi.pl/product/PL/thumb/265413_1.jpg, Scala Zaślepka drenarska DN 80, 5.46 zł, 0, 0, 5.46 zł / szt.
materialy-budowlane, odprowadzenia-wody-i-drenaz, https://images.obi.pl/product/PL/thumb/662559_1.jpg, Oczyszczalnia ścieków 3000L, 4 899.00 zł, 0, 0, 0
materialy-budowlane, odprowadzenia-wody-i-drenaz, https://images.obi.pl/product/PL/thumb/265421_1.jpg, Scala Trójnik drenarski DN 80-80, 12.96 zł, 0, 0, 12.96 zł / szt.
materialy-budowlane, odprowadzenia-wody-i-drenaz, https://images.obi.pl/product/PL/thumb/307827_1.jpg, Kolano kanalizacji 110 mm 15 st., 13.99 zł, 5, 1, 13.99 zł / szt.
materialy-budowlane, odprowadzenia-wody-i-drenaz, https://images.obi.pl/product/PL/thumb/337168_1.jpg, Scala Pokrywa studni PP klasa A15 fi 31.5 cm, 42.99 zł, 5, 1, 42.99 zł / szt.
materialy-budowlane, odprowadzenia-wody-i-drenaz, https://images.obi.pl/product/PL/thumb/337167_1.jpg, Scala Studnia rewizyjna 1.5x0 315 m z 3 wylotami fi 11 cm, 229.00 zł, 0, 0, 229.00 zł / szt.
materialy-budowlane, odprowadzenia-wody-i-drenaz, https://images.obi.pl/product/PL/thumb/307890_1.jpg, Kolano kanalizacji 160 mm 15 st., 31.99 zł, 0, 0, 31.99 zł / szt.
materialy-budowlane, odprowadzenia-wody-i-drenaz, https://images.obi.pl/product/PL/thumb/641763_1.jpg, Drewplast Redukcja drenarska 100/kanalizacja 110, 17.99 zł, 0, 0, 17.99 zł / szt.
materialy-budowlane, odprowadzenia-wody-i-drenaz, https://images.obi.pl/product/PL/thumb/265414_1.jpg, Scala Zaślepka drenarska DN 100, 8.99 zł, 0, 0, 8.99 zł / szt.
materialy-budowlane, odprowadzenia-wody-i-drenaz, https://images.obi.pl/product/PL/thumb/265417_1.jpg, Scala Kolano drenarskie DN 100, 26.99 zł, 0, 0, 26.99 zł / szt.
materialy-budowlane, odprowadzenia-wody-i-drenaz, https://images.obi.pl/product/PL/thumb/275565_1.jpg, ACO Hexaline Kanał szczelinowy 1 m, 79.99 zł, 0, 0, 79.99 zł / m
materialy-budowlane, odprowadzenia-wody-i-drenaz, https://images.obi.pl/product/PL/thumb/264813_1.jpg, ACO SELF 2.0 Skrzynka odpływowa z rusztem ocynk.  50 x 13 x 30 cm, 289.00 zł, 0, 0, 289.00 zł / szt.
materialy-budowlane, odprowadzenia-wody-i-drenaz, https://images.obi.pl/product/PL/thumb/307826_1.jpg, Denko mufy 160mm, 14.99 zł, 0, 0, 14.99 zł / szt.
materialy-budowlane, odprowadzenia-wody-i-drenaz, https://images.obi.pl/product/PL/thumb/307922_1.jpg, Trójnik kanalizacji 110/110 mm 87 st., 24.99 zł, 4, 1, 24.99 zł / szt.
materialy-budowlane, odprowadzenia-wody-i-drenaz, https://images.obi.pl/product/PL/thumb/312153_1.jpg, Przedłużenie studzienki 200x200 mm, 17.99 zł, 0, 0, 17.99 zł / szt.
materialy-budowlane, odprowadzenia-wody-i-drenaz, https://images.obi.pl/product/PL/thumb/467539_1.jpg, Aco Trójnik 80 mm, 23.99 zł, 0, 0, 23.99 zł / szt.
materialy-budowlane, odprowadzenia-wody-i-drenaz, https://images.obi.pl/product/PL/thumb/265411_1.jpg, Scala Mufa drenarska DN 100, 6.99 zł, 0, 0, 6.99 zł / szt.
materialy-budowlane, odprowadzenia-wody-i-drenaz, https://images.obi.pl/product/PL/thumb/265421_1.jpg, Scala Trójnik drenarski DN 100-100, 20.99 zł, 0, 0, 20.99 zł / szt.
materialy-budowlane, odprowadzenia-wody-i-drenaz, https://images.obi.pl/product/PL/thumb/285705_1.jpg, Tycner Wpust kanalizacyjny w wyjściem prostym 50 mm, 24.99 zł, 0, 0, 24.99 zł / szt.
materialy-budowlane, odprowadzenia-wody-i-drenaz, https://images.obi.pl/product/PL/thumb/285728_1.jpg, Tycner Wpust kanalizacyjny z wyjściem bocznym 50 mm, 24.99 zł, 0, 0, 24.99 zł / szt.
materialy-budowlane, odprowadzenia-wody-i-drenaz, https://images.obi.pl/product/PL/thumb/280987_1.jpg, Kapsułki Sanitar Active - 30 szt., 59.99 zł, 0, 0, 2.00 zł / szt.
materialy-budowlane, odprowadzenia-wody-i-drenaz, https://images.obi.pl/product/PL/thumb/307924_1.jpg, Trójnik kanalizacji 160/160 mm 45 st., 69.99 zł, 0, 0, 69.99 zł / szt.
materialy-budowlane, odprowadzenia-wody-i-drenaz, https://images.obi.pl/product/PL/thumb/274855_1.jpg, ACO VARIO Mata wycieraczki 60x40 ryps szary, 329.00 zł, 4.8, 4, 329.00 zł / szt.
materialy-budowlane, odprowadzenia-wody-i-drenaz, https://images.obi.pl/product/PL/thumb/670485_1.jpg, Odpływ podłogowy regulowany boczny 100x100, 53.99 zł, 0, 0, 53.99 zł / szt.
materialy-budowlane, odprowadzenia-wody-i-drenaz, https://images.obi.pl/product/PL/thumb/265410_1.jpg, Scala Mufa drenarska DN 80, 3.76 zł, 0, 0, 3.76 zł / szt.
materialy-budowlane, odprowadzenia-wody-i-drenaz, https://images.obi.pl/product/PL/thumb/307926_1.jpg, Trójnik kanalizacji 160/110 mm 45 st., 56.99 zł, 0, 0, 56.99 zł / szt.
materialy-budowlane, odprowadzenia-wody-i-drenaz, https://images.obi.pl/product/PL/thumb/307916_1.jpg, Rewizja kanalizacji zewnętrznej 110 mm, 49.99 zł, 0, 0, 49.99 zł / szt.
materialy-budowlane, odprowadzenia-wody-i-drenaz, https://images.obi.pl/product/PL/thumb/264814_1.jpg, ACO SELF 2.0 Ścianka czołowa pełna 5 x 13 x 10 cm, 13.99 zł, 0, 0, 13.99 zł / szt.
materialy-budowlane, odprowadzenia-wody-i-drenaz, https://images.obi.pl/product/PL/thumb/264818_1.jpg, ACO EUROMINI Ścianka czołowa z króćcem DN50 20 x 13 x 10 cm, 34.99 zł, 0, 0, 34.99 zł / szt.
materialy-budowlane, odprowadzenia-wody-i-drenaz, https://images.obi.pl/product/PL/thumb/274854_1.jpg, ACO VARIO Mata wycieraczki 60x40 ryps czarny, 329.00 zł, 4.8, 4, 329.00 zł / szt.
materialy-budowlane, odprowadzenia-wody-i-drenaz, https://images.obi.pl/product/PL/thumb/264817_1.jpg, ACO EUROMINI Ścianka czołowa pełna 5 x 13 x 10 cm, 11.99 zł, 0, 0, 11.99 zł / szt.
materialy-budowlane, odprowadzenia-wody-i-drenaz, https://images.obi.pl/product/PL/thumb/264815_1.jpg, ACO SELF 2.0 Ścianka czołowa z króćcem DN100 20 x 13 x 10 cm, 36.99 zł, 0, 0, 36.99 zł / szt.
materialy-budowlane, odprowadzenia-wody-i-drenaz, https://images.obi.pl/product/PL/thumb/146669_1.jpg, ACO Ruszt wycieraczki Vario ocynkowany 60 cm x 40 cm, 119.00 zł, 5, 4, 119.00 zł / szt.
materialy-budowlane, odprowadzenia-wody-i-drenaz, https://images.obi.pl/product/PL/thumb/149119_1.jpg, Gutta Izolacja pozioma Guttabau 25 cm x 25 m, 24.99 zł, 3.5, 2, 24.99 zł / szt.
materialy-budowlane, odprowadzenia-wody-i-drenaz, https://images.obi.pl/product/PL/thumb/527852_1.jpg, Fola Geowłóknina 1 m x 10 m, 59.99 zł, 3, 1, 6.00 zł / m2
materialy-budowlane, odprowadzenia-wody-i-drenaz, https://images.obi.pl/product/PL/thumb/264816_1.jpg, ACO EUROMINI Kanał z rusztem ocynk.  100 x 13 x 6 cm, 49.99 zł, 3, 2, 49.99 zł / szt.
materialy-budowlane, odprowadzenia-wody-i-drenaz, https://images.obi.pl/product/PL/thumb/275542_1.jpg, Scala Rura drenarska DN80 dł. 50m, 218.00 zł, 0, 0, 4.36 zł / m
materialy-budowlane, odprowadzenia-wody-i-drenaz, https://images.obi.pl/product/PL/thumb/307915_1.jpg, Redukcja kanalizacji 160/110 mm, 24.99 zł, 3, 1, 24.99 zł / szt.
materialy-budowlane, odprowadzenia-wody-i-drenaz, https://images.obi.pl/product/PL/thumb/595225_1.jpg, Aco Kanał z rusztem ocynkowanym 100 cm do systemu Hexaline 2.0, 57.99 zł, 4.8, 51, 57.99 zł / szt.
materialy-budowlane, odprowadzenia-wody-i-drenaz, https://images.obi.pl/product/PL/thumb/595223_1.jpg, Aco Kanał z rusztem plastikowym 100 cm do systemu Hexaline 2.0, 44.99 zł, 0, 0, 44.99 zł / szt.
materialy-budowlane, odprowadzenia-wody-i-drenaz, https://images.obi.pl/product/PL/thumb/595224_1.jpg, Aco Zestaw akcesoriów do systemu Hexaline 2.0 czarny, 31.99 zł, 4.8, 14, 31.99 zł / szt.
materialy-budowlane, odprowadzenia-wody-i-drenaz, https://images.obi.pl/product/PL/thumb/445333_1.jpg, Aquafor Preparat do szamb i oczyszczalni Biosanit 500 g, 40.99 zł, 4.3, 4, 81.98 zł / kg
materialy-budowlane, odprowadzenia-wody-i-drenaz, https://images.obi.pl/product/PL/thumb/312151_1.jpg, Pokrywa do studzienki 200x200 mm, 21.99 zł, 0, 0, 21.99 zł / szt.
materialy-budowlane, odprowadzenia-wody-i-drenaz, https://images.obi.pl/product/PL/thumb/320360_1.jpg, 4IQ Pokrywa okrągła do szamba czarna 74 x 7.4 cm bez klucza, 169.00 zł, 0, 0, 0
materialy-budowlane, odprowadzenia-wody-i-drenaz, https://images.obi.pl/product/PL/thumb/312149_1.jpg, Kratka do studzienki 200x200 mm, 18.99 zł, 0, 0, 18.99 zł / szt.
materialy-budowlane, odprowadzenia-wody-i-drenaz, https://images.obi.pl/product/PL/thumb/242751_1.jpg, Ultrament Preparat do iniekcji Suchy Mur 30 kg, 429.00 zł, 4, 1, 14.30 zł / kg
materialy-budowlane, odprowadzenia-wody-i-drenaz, https://images.obi.pl/product/PL/thumb/146686_1.jpg, Aco Przyłącze z syfonem do systemu ACO Self Mini, 34.99 zł, 0, 0, 34.99 zł / szt.
materialy-budowlane, odprowadzenia-wody-i-drenaz, https://images.obi.pl/product/PL/thumb/502535_1.jpg, Tabletki do szamb - 6 szt., 49.99 zł, 0, 0, 49.99 zł / szt.
materialy-budowlane, odprowadzenia-wody-i-drenaz, https://images.obi.pl/product/PL/thumb/275566_1.jpg, ACO Hexaline Element rewizyjny/narożny do kanału szczelinowego, 69.99 zł, 0, 0, 69.99 zł / szt.
materialy-budowlane, odprowadzenia-wody-i-drenaz, https://images.obi.pl/product/PL/thumb/295637_1.jpg, Biologiczny preparat do szamb i przydomowych oczyszczalni ścieków 1 kg, 54.99 zł, 5, 1, 54.99 zł / kg
materialy-budowlane, odprowadzenia-wody-i-drenaz, https://images.obi.pl/product/PL/thumb/146665_1.jpg, Aco Nadstawka wpustu ogrodowego do systemy ACO Self, 119.00 zł, 0, 0, 119.00 zł / szt.
materialy-budowlane, odprowadzenia-wody-i-drenaz, https://images.obi.pl/product/PL/thumb/242750_1.jpg, Ultrament Preparat do iniekcji Suchy Mur 5 kg, 139.00 zł, 0, 0, 27.80 zł / kg
materialy-budowlane, odprowadzenia-wody-i-drenaz, https://images.obi.pl/product/PL/thumb/445334_1.jpg, Aquafor Preparat do szamb i oczyszczalni Biosanit 250 g, 30.99 zł, 0, 0, 123.96 zł / kg
materialy-budowlane, odprowadzenia-wody-i-drenaz, https://images.obi.pl/product/PL/thumb/104333_1.jpg, Biolatrin 395g - preparat do szamb, 32.99 zł, 0, 0, 83.52 zł / kg
materialy-budowlane, odprowadzenia-wody-i-drenaz, https://images.obi.pl/product/PL/thumb/595222_1.jpg, Aco Narożnik czarny 12.5 cm do systemu Hexaline 2.0, 62.99 zł, 4.6, 5, 62.99 zł / szt.
materialy-budowlane, odprowadzenia-wody-i-drenaz, https://images.obi.pl/product/PL/thumb/146664_1.jpg, Aco Wpust z rusztem ocynkowanym do systemy ACO Self, 229.00 zł, 0, 0, 229.00 zł / szt.
materialy-budowlane, odprowadzenia-wody-i-drenaz, https://images.obi.pl/product/PL/thumb/386409_1.jpg, Preparat do szamb i oczyszczalni Septonic 71 g, 30.99 zł, 0, 0, 43.65 zł / 100 gr
materialy-budowlane, odprowadzenia-wody-i-drenaz, https://images.obi.pl/product/PL/thumb/242752_1.jpg, Ultrament Lejek do iniekcji 5 szt., 39.99 zł, 0, 0, 39.99 zł / szt.
materialy-budowlane, odprowadzenia-wody-i-drenaz, https://images.obi.pl/product/PL/thumb/295638_1.jpg, Biologiczny preparat do szamb i przydomowych oczyszczalni ścieków 25 g, 3.99 zł, 5, 1, 15.96 zł / 100 gr
tynk-zaprawa-i-cement, tynki, https://images.obi.pl/product/PL/thumb/650617_1.jpg, Baumaster Tynk mozaikowy kolor BM122 18kg, 68.98 zł, 4.4, 9, 3.84 zł / kg
tynk-zaprawa-i-cement, tynki, https://images.obi.pl/product/PL/thumb/272540_1.jpg, Kreisel Tynk silikatowo-silikonowy dekoracyjny TS07 25 kg, 169.00 zł, 0, 0, 6.76 zł / kg
tynk-zaprawa-i-cement, tynki, https://images.obi.pl/product/PL/thumb/687882_1.jpg, Baumaster Tynk mozaikowy kolor BM 546 15kg, 109.00 zł, 0, 0, 7.27 zł / kg
tynk-zaprawa-i-cement, tynki, https://images.obi.pl/product/PL/thumb/500267_2.jpg, Knauf Ręczny tynk gipsowy Goldband 25 kg, 26.58 zł, 4.8, 14, 1.08 zł / kg
tynk-zaprawa-i-cement, tynki, https://images.obi.pl/product/PL/thumb/540328_1.jpg, Knauf Maszynowy tynk gipsowy MP 75 25 kg, 17.95 zł, 4.7, 3, 0.72 zł / kg
tynk-zaprawa-i-cement, tynki, https://images.obi.pl/product/PL/thumb/265094_3.jpg, Kreisel SISITYNK TS05 25 Tynk silikatowo-silikonowy, 169.00 zł, 5, 1, 6.76 zł / kg
tynk-zaprawa-i-cement, tynki, https://images.obi.pl/product/PL/thumb/563433_2.jpg, Baumaster Tynk mozaikowy kolor BM534 15kg, 109.00 zł, 4.4, 9, 7.27 zł / kg
tynk-zaprawa-i-cement, tynki, https://images.obi.pl/product/PL/thumb/563453_3.jpg, Baumaster Tynk mozaikowy kolor BM122 15kg, 109.00 zł, 5, 1, 7.27 zł / kg
tynk-zaprawa-i-cement, tynki, https://images.obi.pl/product/PL/thumb/563466_2.jpg, Baumaster Tynk mozaikowy kolor BM535 15kg, 109.00 zł, 5, 1, 7.27 zł / kg
tynk-zaprawa-i-cement, tynki, https://images.obi.pl/product/PL/thumb/295226_1.jpg, Kreisel Tynk mineralny Poztynk SZ 062 biały baranek 2 mm 25 kg, 39.99 zł, 5, 2, 1.60 zł / kg
tynk-zaprawa-i-cement, tynki, https://images.obi.pl/product/PL/thumb/535258_1.jpg, Knauf Maszynowy tynk gipsowy MP 75 Leicht 25 kg, 20.58 zł, 4.3, 3, 0, 84 zł / kg
tynk-zaprawa-i-cement, tynki, https://images.obi.pl/product/PL/thumb/687884_1.jpg, Baumaster Tynk mozaikowy kolor BM 549 15kg, 109.00 zł, 0, 0, 7.27 zł / kg
tynk-zaprawa-i-cement, tynki, https://images.obi.pl/product/PL/thumb/665216_1.jpg, Knauf Ręczny tynk gipsowy Goldband 5 kg, 11.99 zł, 0, 0, 2.40 zł / kg
tynk-zaprawa-i-cement, tynki, https://images.obi.pl/product/PL/thumb/687885_1.jpg, Baumaster Tynk mozaikowy kolor BM 551 15kg, 109.00 zł, 0, 0, 7.27 zł / kg
tynk-zaprawa-i-cement, tynki, https://images.obi.pl/product/PL/thumb/690247_1.jpg, Baumaster Tynk mozaikowy kolor BM 546 5 kg, 55.99 zł, 0, 0, 11.20 zł / kg
tynk-zaprawa-i-cement, tynki, https://images.obi.pl/product/PL/thumb/685447_1.jpg, Baumaster Tynk mozaikowy kolor BM535 5kg, 55.99 zł, 4.4, 9, 11.20 zł / kg
tynk-zaprawa-i-cement, tynki, https://images.obi.pl/product/PL/thumb/563454_2.jpg, Baumaster Tynk mozaikowy kolor BM537 15kg, 109.00 zł, 4.4, 9, 7.27 zł / kg
tynk-zaprawa-i-cement, tynki, https://images.obi.pl/product/PL/thumb/265817_1.jpg, Podkład mozaikowy pod tynki strukturalne BAUMASTER 16 kg, 99.99 zł, 5, 1, 6.25 zł / kg
tynk-zaprawa-i-cement, tynki, https://images.obi.pl/product/PL/thumb/200012_1.jpg, Kreisel Podkład tynkarski Tynkolit-T 330 biały 7 kg, 54.99 zł, 0, 0, 7.86 zł / kg
tynk-zaprawa-i-cement, tynki, https://images.obi.pl/product/PL/thumb/687883_1.jpg, Baumaster Tynk mozaikowy kolor BM 548 15kg, 109.00 zł, 0, 0, 7.27 zł / kg
tynk-zaprawa-i-cement, tynki, https://images.obi.pl/product/PL/thumb/500266_1.jpg, Knauf Ręczny tynk gipsowy Rotband 25 kg, 32.58 zł, 4, 2, 1.32 zł / kg
tynk-zaprawa-i-cement, tynki, https://images.obi.pl/product/PL/thumb/265090_1.jpg, Kreisel SISITYNK TS01 25 Tynk silikatowo-silikonowy, 169.00 zł, 0, 0, 6.76 zł / kg
tynk-zaprawa-i-cement, tynki, https://images.obi.pl/product/PL/thumb/507124_3.jpg, Cekol Tynk cementowo-wapienny ZT-02 25 kg, 1.32 zł / szt., 0, 0, 32.99 zł / opakowanie
tynk-zaprawa-i-cement, tynki, https://images.obi.pl/product/PL/thumb/692438_1.jpg, Kreisel Tynk mineralny Poztynk 062 biały baranek 1.5 mm 25 kg, 44.99 zł, 0, 0, 1.80 zł / kg
tynk-zaprawa-i-cement, tynki, https://images.obi.pl/product/PL/thumb/265095_1.jpg, Kreisel SISITYNK TS06 25 Tynk silikatowo-silikonowy, 169.00 zł, 0, 0, 6.76 zł / kg
tynk-zaprawa-i-cement, tynki, https://images.obi.pl/product/PL/thumb/265091_1.jpg, Kreisel SISITYNK TS02 25 Tynk silikatowo-silikonowy, 169.00 zł, 0, 0, 6.76 zł / kg
tynk-zaprawa-i-cement, tynki, https://images.obi.pl/product/PL/thumb/265092_1.jpg, Kreisel SISITYNK TS03 25 Tynk silikatowo-silikonowy, 169.00 zł, 0, 0, 6.76 zł / kg
tynk-zaprawa-i-cement, tynki, https://images.obi.pl/product/PL/thumb/295227_1.jpg, Kreisel Tynk mineralny Poztynk SZ 061 biały drapany 2 mm 25 kg, 41.99 zł, 0, 0, 1.68 zł / kg
tynk-zaprawa-i-cement, tynki, https://images.obi.pl/product/PL/thumb/658327_1.jpg, Kreisel ECO TYNK baranek biały 25 kg, 169.00 zł, 0, 0, 6.76 zł / kg
tynk-zaprawa-i-cement, tynki, https://images.obi.pl/product/PL/thumb/266763_1.jpg, Kreisel Podkład tynkarski Tynkolit-T 330 20 kg, 129.00 zł, 4.8, 4, 6.45 zł / kg
tynk-zaprawa-i-cement, tynki, https://images.obi.pl/product/PL/thumb/685447_1.jpg, Baumaster Tynk mozaikowy kolor BM545 5kg, 55.99 zł, 4.4, 9, 11.20 zł / kg
tynk-zaprawa-i-cement, tynki, https://images.obi.pl/product/PL/thumb/687886_1.jpg, Baumaster Tynk mozaikowy kolor BM 553 15kg, 109.00 zł, 0, 0, 7.27 zł / kg
tynk-zaprawa-i-cement, tynki, https://images.obi.pl/product/PL/thumb/265093_1.jpg, Kreisel SISITYNK TS04 25 Tynk silikatowo-silikonowy, 169.00 zł, 0, 0, 6.76 zł / kg
tynk-zaprawa-i-cement, tynki, https://images.obi.pl/product/PL/thumb/685447_1.jpg, Baumaster Tynk mozaikowy kolor BM534 5kg, 55.99 zł, 4.4, 9, 11.20 zł / kg
tynk-zaprawa-i-cement, tynki, https://images.obi.pl/product/PL/thumb/144830_1.jpg, Knauf Ręczny tynk gipsowy Goldband 10 kg, 21.99 zł, 4.7, 54, 2.20 zł / kg
tynk-zaprawa-i-cement, tynki, https://images.obi.pl/product/PL/thumb/685447_1.jpg, Baumaster Tynk mozaikowy kolor BM122 5kg, 55.99 zł, 4.4, 9, 11.20 zł / kg
tynk-zaprawa-i-cement, tynki, https://images.obi.pl/product/PL/thumb/685447_1.jpg, Baumaster Tynk mozaikowy kolor BM537 5kg, 55.99 zł, 4.4, 9, 11.20 zł / kg
tynk-zaprawa-i-cement, tynki, https://images.obi.pl/product/PL/thumb/144827_1.jpg, Knauf Ręczny tynk gipsowy Rotband 10 kg, 25.99 zł, 4.8, 153, 2.60 zł / kg
tynk-zaprawa-i-cement, tynki, https://images.obi.pl/product/PL/thumb/662857_1.jpg, Knauf Ręczny tynk gipsowy Rotband 5 kg, 13.99 zł, 5, 1, 2.80 zł / szt.
tynk-zaprawa-i-cement, tynki, https://images.obi.pl/product/PL/thumb/563410_1.jpg, Baumaster Tynk mozaikowy kolor BM545 15kg, 109.00 zł, 5, 2, 7.27 zł / kg
tynk-zaprawa-i-cement, tynki, https://images.obi.pl/product/PL/thumb/619799_1.jpg, Atlas Podkładowa masa tynkarska Cerplast 25 kg, 199.00 zł, 0, 0, 7.96 zł / kg
tynk-zaprawa-i-cement, tynki, https://images.obi.pl/product/PL/thumb/619797_1.jpg, Atlas Podkładowa masa tynkarska Cerplast 15 kg, 129.00 zł, 0, 0, 8.60 zł / kg
tynk-zaprawa-i-cement, tynki, https://images.obi.pl/product/PL/thumb/528831_1.jpg, Atlas Podkładowa masa tynkarska Cerplast 10 kg, 97.99 zł, 0, 0, 9.80 zł / kg
tynk-zaprawa-i-cement, tynki, https://images.obi.pl/product/PL/thumb/469985_1.jpg, Cekol Preparat do impregnacji tynku dekoracyjnego PI-01 1 l, 17.96 zł, 0, 0, 17.96 zł / l
tynk-zaprawa-i-cement, tynki, https://images.obi.pl/product/PL/thumb/563464_2.jpg, Baumaster Tynk mozaikowy kolor BM501 15kg, 86.98 zł, 1, 1, 5.80 zł / kg
tynk-zaprawa-i-cement, cement-i-wapno, https://images.obi.pl/product/PL/thumb/637703_1.jpg, Cement Classic Monolit 25 kg, 10.99 zł, 5, 2, 0.44 zł / kg
tynk-zaprawa-i-cement, cement-i-wapno, https://images.obi.pl/product/PL/thumb/541922_1.jpg, Cement CEMII 32 5R 25 kg, 8.49 zł, 0, 0, 0.34 zł / kg
tynk-zaprawa-i-cement, cement-i-wapno, https://images.obi.pl/product/PL/thumb/586495_1.jpg, Wapno hydratyzowane Natura/Classic 20 kg, 33.98 zł, 5, 2, 1.70 zł / kg
tynk-zaprawa-i-cement, cement-i-wapno, https://images.obi.pl/product/PL/thumb/307970_1.jpg, Knauf F+F Cement biały 1.5kg, 12.99 zł, 0, 0, 8.66 zł / kg
tynk-zaprawa-i-cement, cement-i-wapno, https://images.obi.pl/product/PL/thumb/236966_1.jpg, Ceresit Zaprawa szybkowiążąca CX5 5 kg, 30.99 zł, 5, 1, 6.20 zł / kg
tynk-zaprawa-i-cement, cement-i-wapno, https://images.obi.pl/product/PL/thumb/307972_1.jpg, Knauf F+F Cement szybkowiążący 1.5kg, 20.99 zł, 5, 1, 14.00 zł / kg
tynk-zaprawa-i-cement, cement-i-wapno, https://images.obi.pl/product/PL/thumb/563306_1.jpg, Mapei Zaprawa montażowa Lampocem 5 kg, 23.99 zł, 0, 0, 4.80 zł / kg
tynk-zaprawa-i-cement, cement-i-wapno, https://images.obi.pl/product/PL/thumb/612559_1.jpg, Primacol Plastyfikator zimowy Flux-ZM 1 l, 22.99 zł, 0, 0, 22.99 zł / l
tynk-zaprawa-i-cement, cement-i-wapno, https://images.obi.pl/product/PL/thumb/236967_1.jpg, Ceresit Zaprawa szybkowiążąca CX5 25 kg, 109.00 zł, 5, 1, 4.36 zł / kg
tynk-zaprawa-i-cement, cement-i-wapno, https://images.obi.pl/product/PL/thumb/640042_1.jpg, Wapno hydratyzowane białe 2 kg, 15.99 zł, 0, 0, 8.00 zł / kg
tynk-zaprawa-i-cement, cement-i-wapno, https://images.obi.pl/product/PL/thumb/612560_1.jpg, Primacol Plastyfikator zimowy Flux-ZM 5 l, 45.99 zł, 5, 1, 9.20 zł / l
tynk-zaprawa-i-cement, cement-i-wapno, https://images.obi.pl/product/PL/thumb/627804_1.jpg, Primacol Środek do usuwania cementu i zapraw 575 ml, 17.99 zł, 0, 0, 35.98 zł / l
tynk-zaprawa-i-cement, cement-i-wapno, https://images.obi.pl/product/PL/thumb/563889_1.jpg, Primacol Plastyfikator do zapraw Fast-mix DH 16 g, 1.99 zł, 0, 0, 1.99 zł / szt.
tynk-zaprawa-i-cement, cement-i-wapno, https://images.obi.pl/product/PL/thumb/612563_1.jpg, Primacol Domieszka do zapraw Tynkolit 1 l, 14.99 zł, 0, 0, 14.99 zł / l
tynk-zaprawa-i-cement, cement-i-wapno, https://images.obi.pl/product/PL/thumb/612561_1.jpg, Primacol Mikrozbrojenia do betonu 150 g, 12.99 zł, 0, 0, 86.60 zł / kg
tynk-zaprawa-i-cement, cement-i-wapno, https://images.obi.pl/product/PL/thumb/628293_2.jpg, Primacol Środek do czyszczenia Klinkier Czyścik 5 l, 94.99 zł, 0, 0, 19.00 zł / l
tynk-zaprawa-i-cement, cement-i-wapno, https://images.obi.pl/product/PL/thumb/612558_1.jpg, Primacol Domieszka do zapraw Tynkolit 5 l, 40.99 zł, 0, 0, 8.20 zł / l
tynk-zaprawa-i-cement, cement-i-wapno, https://images.obi.pl/product/PL/thumb/612562_1.jpg, Primacol Mikrozbrojenia do betonu 600 g, 33.99 zł, 5, 1, 56.65 zł / kg
tynk-zaprawa-i-cement, cement-i-wapno, https://images.obi.pl/product/PL/thumb/612556_1.jpg, Primacol Przyspieszacz wiązania do betonu F-3S 5 l, 57.99 zł, 0, 0, 11.60 zł / l
tynk-zaprawa-i-cement, cement-i-wapno, https://images.obi.pl/product/PL/thumb/612557_1.jpg, Primacol Przyspieszacz wiązania do betonu F-3S 1 l, 21.99 zł, 0, 0, 21.99 zł / l
akcesoria-do-plytek, silikony-i-akryle, https://images.obi.pl/product/PL/thumb/311030_1.jpg, Koelner Kotwa chemiczna KEM PSF 300 ml, 20.99 zł, 5, 1, 69.97 zł / l
akcesoria-do-plytek, silikony-i-akryle, https://images.obi.pl/product/PL/thumb/325926_1.jpg, CMI Silikon Sanitarny 280 ml biały, 12.99 zł, 5, 1, 46.40 zł / l
akcesoria-do-plytek, silikony-i-akryle, https://images.obi.pl/product/PL/thumb/158551_1.jpg, Soudal Uszczelniacz dekarski bitumiczny 280 ml, 19.99 zł, 5, 1, 71.40 zł / l
akcesoria-do-plytek, silikony-i-akryle, https://images.obi.pl/product/PL/thumb/571068_1.jpg, Soudal Klej poliuretanowy Soudabond Easy Gun 750 ml, 39.99 zł, 5, 1, 53.32 zł / l
akcesoria-do-plytek, silikony-i-akryle, https://images.obi.pl/product/PL/thumb/246621_1.jpg, Soudal Silikon uniwersalny 60 ml bezbarwny, 15.99 zł, 5, 1, 26.65 zł / 100 ml
akcesoria-do-plytek, silikony-i-akryle, https://images.obi.pl/product/PL/thumb/641647_1.jpg, Expert Line Silikon uniwersalny bezbarwny 280 ml, 23.99 zł, 0, 0, 85.68 zł / l
akcesoria-do-plytek, silikony-i-akryle, https://images.obi.pl/product/PL/thumb/246613_1.jpg, Soudal Silikon sanitarny 60 ml biały, 16.99 zł, 0, 0, 28.32 zł / 100 ml
akcesoria-do-plytek, silikony-i-akryle, https://images.obi.pl/product/PL/thumb/632653_1.jpg, Sika Masa uszczelniająca i uniwersalny klej Sikaflex 11FC+ brązowy 300 ml, 41.96 zł, 5, 2, 139.87 zł / l
akcesoria-do-plytek, silikony-i-akryle, https://images.obi.pl/product/PL/thumb/473034_1.jpg, CMI Akryl 280 ml biały, 5.38 zł, 5, 2, 19.22 zł / l
akcesoria-do-plytek, silikony-i-akryle, https://images.obi.pl/product/PL/thumb/450731_1.jpg, Mapei Silikon Mapesil AC 114 antracyt 310 ml, 45.99 zł, 5, 3, 148.36 zł / l
akcesoria-do-plytek, silikony-i-akryle, https://images.obi.pl/product/PL/thumb/615848_1.jpg, Soudal Kotwa chemiczna SOUDAFIX P300-SF 280 ml, 46.99 zł, 5, 3, 167.83 zł / l
akcesoria-do-plytek, silikony-i-akryle, https://images.obi.pl/product/PL/thumb/158552_1.jpg, Soudal Uszczelniacz dekarski 280 ml bezbarwny, 35.99 zł, 5, 2, 128.54 zł / l
akcesoria-do-plytek, silikony-i-akryle, https://images.obi.pl/product/PL/thumb/473033_1.jpg, CMI Silikon sanitarny 280 ml bezbarwny, 18.99 zł, 5, 1, 67.83 zł / l
akcesoria-do-plytek, silikony-i-akryle, https://images.obi.pl/product/PL/thumb/638669_1.jpg, Expert Line Silikon sanitarny biały 280 ml, 19.99 zł, 4.5, 2, 71.40 zł / l
akcesoria-do-plytek, silikony-i-akryle, https://images.obi.pl/product/PL/thumb/324690_1.jpg, Soudal Akryl lekki 280 ml biały, 15.99 zł, 5, 1, 57.11 zł / l
akcesoria-do-plytek, silikony-i-akryle, https://images.obi.pl/product/PL/thumb/324768_1.jpg, Soudal Akryl Express 280 ml biały, 16.99 zł, 5, 1, 60.68 zł / l
akcesoria-do-plytek, silikony-i-akryle, https://images.obi.pl/product/PL/thumb/629297_1.jpg, Soudal Klej montażowy T-REX Gold Power 290 ml, 30.99 zł, 5, 2, 106.87 zł / l
akcesoria-do-plytek, silikony-i-akryle, https://images.obi.pl/product/PL/thumb/324699_1.jpg, Soudal Silikon sanitarny 280 ml biały, 28.99 zł, 4.8, 4, 103.54 zł / l
akcesoria-do-plytek, silikony-i-akryle, https://images.obi.pl/product/PL/thumb/324774_1.jpg, Soudal Uszczelniacz butylenowy 280 ml biały, 19.99 zł, 0, 0, 71.40 zł / l
akcesoria-do-plytek, silikony-i-akryle, https://images.obi.pl/product/PL/thumb/644019_1.jpg, Expert Line Kauczukowy uszczelniacz dekarski brązowy 280 ml, 29.99 zł, 0, 0, 107.11 zł / l
akcesoria-do-plytek, silikony-i-akryle, https://images.obi.pl/product/PL/thumb/158543_1.jpg, Soudal Silikon sanitarny 280 ml beżowy, 30.99 zł, 5, 1, 110.68 zł / l
akcesoria-do-plytek, silikony-i-akryle, https://images.obi.pl/product/PL/thumb/450728_1.jpg, Mapei Silikon Mapesil AC 110 manhattan 2000 310 ml, 45.99 zł, 5, 1, 148.36 zł / l
akcesoria-do-plytek, silikony-i-akryle, https://images.obi.pl/product/PL/thumb/633972_2.jpg, Atlas Silikon sanitarny Silton S 001 biały 280 ml, 46.99 zł, 0, 0, 167.83 zł / l
akcesoria-do-plytek, silikony-i-akryle, https://images.obi.pl/product/PL/thumb/633987_2.jpg, Atlas Silikon sanitarny Silton S 034 jasnoszary 280 ml, 46.99 zł, 0, 0, 167.83 zł / l
akcesoria-do-plytek, silikony-i-akryle, https://images.obi.pl/product/PL/thumb/324694_1.jpg, Soudal Silikon wysokotemperaturowy 280 ml, 49.99 zł, 5, 1, 178.54 zł / l
akcesoria-do-plytek, silikony-i-akryle, https://images.obi.pl/product/PL/thumb/638097_1.jpg, Expert Line Silikon sanitarny bezbarwny 280 ml, 19.99 zł, 4.5, 2, 71.40 zł / l
akcesoria-do-plytek, silikony-i-akryle, https://images.obi.pl/product/PL/thumb/439931_1.jpg, Expert Line Uszczelniacz akrylowy uniwersalny biały 280 ml, 10.99 zł, 0, 0, 39.25 zł / l
akcesoria-do-plytek, silikony-i-akryle, https://images.obi.pl/product/PL/thumb/646955_1.jpg, Expert Line Klej poliuretanowy Pianofix dekarski 750 ml, 42.99 zł, 0, 0, 57.32 zł / l
akcesoria-do-plytek, silikony-i-akryle, https://images.obi.pl/product/PL/thumb/246615_1.jpg, Soudal Silikon uniwersalny 60 ml biały, 15.99 zł, 5, 1, 26.65 zł / 100 ml
akcesoria-do-plytek, silikony-i-akryle, https://images.obi.pl/product/PL/thumb/615847_1.jpg, Soudal Klej montażowy T-REX bezbarwny 310 ml, 24.99 zł, 4, 3, 80.62 zł / l
akcesoria-do-plytek, silikony-i-akryle, https://images.obi.pl/product/PL/thumb/634011_1.jpg, Atlas Silikon sanitarny Silton S 000 transparentny 280 ml, 46.99 zł, 0, 0, 167.83 zł / l
akcesoria-do-plytek, silikony-i-akryle, https://images.obi.pl/product/PL/thumb/633985_1.jpg, Atlas Silikon sanitarny Silton S 202 popielaty 280 ml, 46.99 zł, 5, 1, 167.83 zł / l
akcesoria-do-plytek, silikony-i-akryle, https://images.obi.pl/product/PL/thumb/285942_1.jpg, Ceresit Uszczelniacz kominkowy CS38  czarny, 34.99 zł, 0, 0, 124.97 zł / l
akcesoria-do-plytek, silikony-i-akryle, https://images.obi.pl/product/PL/thumb/633975_1.jpg, Atlas Silikon sanitarny Silton S 123 jasnobrązowy 280 ml, 46.99 zł, 5, 1, 167.83 zł / l
akcesoria-do-plytek, silikony-i-akryle, https://images.obi.pl/product/PL/thumb/634010_1.jpg, Atlas Silikon sanitarny Silton S 215 atramentowy 280 ml, 46.99 zł, 0, 0, 167.83 zł / l
akcesoria-do-plytek, silikony-i-akryle, https://images.obi.pl/product/PL/thumb/450751_1.jpg, Mapei Silikon Mapesil AC 999 bezbarwny 310 ml, 45.99 zł, 0, 0, 148.36 zł / l
akcesoria-do-plytek, silikony-i-akryle, https://images.obi.pl/product/PL/thumb/158528_1.jpg, Soudal Silikon uniwersalny 280 ml szary, 27.99 zł, 0, 0, 99.97 zł / l
akcesoria-do-plytek, silikony-i-akryle, https://images.obi.pl/product/PL/thumb/450736_1.jpg, Mapei Silikon Mapesil AC 142 brąz 310 ml, 45.99 zł, 5, 3, 148.36 zł / l
akcesoria-do-plytek, silikony-i-akryle, https://images.obi.pl/product/PL/thumb/634438_1.jpg, Sopro Silikon sanitarny czarny 310 ml, 57.99 zł, 5, 1, 187.07 zł / l
akcesoria-do-plytek, silikony-i-akryle, https://images.obi.pl/product/PL/thumb/324705_1.jpg, Soudal Silikon szklarski 280 ml brązowy, 34.99 zł, 0, 0, 124.97 zł / l
akcesoria-do-plytek, silikony-i-akryle, https://images.obi.pl/product/PL/thumb/615849_1.jpg, Soudal Klej montażowy T-REX błyskawiczny 310 ml, 22.99 zł, 3.8, 5, 74.17 zł / l
akcesoria-do-plytek, silikony-i-akryle, https://images.obi.pl/product/PL/thumb/633988_1.jpg, Atlas Silikon sanitarny Silton S 027 zielony 280 ml, 46.99 zł, 0, 0, 167.83 zł / l
akcesoria-do-plytek, silikony-i-akryle, https://images.obi.pl/product/PL/thumb/290962_1.jpg, Ceresit Silikon sanitarny CS9 biały 280 ml, 25.99 zł, 0, 0, 92.83 zł / l
akcesoria-do-plytek, silikony-i-akryle, https://images.obi.pl/product/PL/thumb/324771_1.jpg, Soudal Uszczelniacz dekarski 280 ml brązowy, 35.99 zł, 0, 0, 128.54 zł / l
akcesoria-do-plytek, silikony-i-akryle, https://images.obi.pl/product/PL/thumb/307977_1.jpg, Knauf F+F Akryl malarski 300ml, 13.99 zł, 0, 0, 46.64 zł / l
akcesoria-do-plytek, silikony-i-akryle, https://images.obi.pl/product/PL/thumb/324703_1.jpg, Soudal Silikon szklarski 280 ml bezbarwny, 34.99 zł, 0, 0, 124.97 zł / l
akcesoria-do-plytek, silikony-i-akryle, https://images.obi.pl/product/PL/thumb/623911_1.jpg, IZOHAN Uszczelniacz dekarski kauczukowy czarny 300 ml, 26.99 zł, 0, 0, 26.99 zł / szt.
akcesoria-do-plytek, silikony-i-akryle, https://images.obi.pl/product/PL/thumb/246614_1.jpg, Soudal Silikon sanitarny 60 ml bezbarwny, 16.99 zł, 0, 0, 28.32 zł / 100 ml
akcesoria-do-plytek, silikony-i-akryle, https://images.obi.pl/product/PL/thumb/571065_1.jpg, Soudal Silikon neutralny Express 310 ml bezbarwny, 30.99 zł, 0, 0, 99.97 zł / l
akcesoria-do-plytek, silikony-i-akryle, https://images.obi.pl/product/PL/thumb/158546_1.jpg, Soudal Silikon neutralny 280 ml brązowy, 29.99 zł, 0, 0, 107.11 zł / l
akcesoria-do-plytek, silikony-i-akryle, https://images.obi.pl/product/PL/thumb/263561_1.jpg, Soudal Akryl 280 ml brązowy, 15.99 zł, 0, 0, 57.11 zł / l
akcesoria-do-plytek, silikony-i-akryle, https://images.obi.pl/product/PL/thumb/626191_1.jpg, Soudal Uszczelniacz Soudaflex 40FC 300 ml, 27.99 zł, 0, 0, 93.30 zł / l
akcesoria-do-plytek, silikony-i-akryle, https://images.obi.pl/product/PL/thumb/638447_1.jpg, Soudal Akryl zewnętrzny 280 ml biały, 21.99 zł, 0, 0, 78.54 zł / szt.
akcesoria-do-plytek, silikony-i-akryle, https://images.obi.pl/product/PL/thumb/644020_1.jpg, Expert Line Kauczukowy uszczelniacz dekarski bezbarwny 280 ml, 29.99 zł, 0, 0, 107.11 zł / l
akcesoria-do-plytek, silikony-i-akryle, https://images.obi.pl/product/PL/thumb/659559_1.jpg, Soudal Akryl 280 ml beż, 14.99 zł, 5, 1, 53.54 zł / l
akcesoria-do-plytek, silikony-i-akryle, https://images.obi.pl/product/PL/thumb/677169_1.jpg, Bostik Akryl Perfect Seal szybki 280 ml, 11.99 zł, 5, 1, 11.99 zł / szt.
akcesoria-do-plytek, silikony-i-akryle, https://images.obi.pl/product/PL/thumb/603432_1.jpg, Soudal Klej Fix All Classic szary, 38.99 zł, 0, 0, 134.45 zł / l
akcesoria-do-plytek, silikony-i-akryle, https://images.obi.pl/product/PL/thumb/603445_1.jpg, Soudal Klej poliuretanowy Soudabond Easy 750 ml, 39.99 zł, 0, 0, 53.32 zł / l
akcesoria-do-plytek, silikony-i-akryle, https://images.obi.pl/product/PL/thumb/633993_2.jpg, Atlas Silikon sanitarny Silton S 037 grafitowy 280 ml, 46.99 zł, 0, 0, 167.83 zł / l
akcesoria-do-plytek, silikony-i-akryle, https://images.obi.pl/product/PL/thumb/633997_2.jpg, Atlas Silikon sanitarny Silton S 204 czarny 280 ml, 46.99 zł, 0, 0, 167.83 zł / l
akcesoria-do-plytek, silikony-i-akryle, https://images.obi.pl/product/PL/thumb/324704_1.jpg, Soudal Silikon szklarski 280 ml biały, 34.99 zł, 0, 0, 124.97 zł / l
akcesoria-do-plytek, silikony-i-akryle, https://images.obi.pl/product/PL/thumb/324698_1.jpg, Soudal Silikon sanitarny 280 ml bezbarwny, 28.99 zł, 4, 3, 103.54 zł / l
akcesoria-do-plytek, silikony-i-akryle, https://images.obi.pl/product/PL/thumb/352993_1.jpg, Soudal Silikon neutralny sanitarny 280 ml bezbarwny, 33.99 zł, 0, 0, 121.40 zł / l
akcesoria-do-plytek, silikony-i-akryle, https://images.obi.pl/product/PL/thumb/395081_1.jpg, Ceresit Silikon sanitarny CS 25 4 silver 280 ml, 41.99 zł, 4, 1, 149.97 zł / l
akcesoria-do-plytek, silikony-i-akryle, https://images.obi.pl/product/PL/thumb/450725_1.jpg, Mapei Silikon Mapesil AC 100 biały 310 ml, 45.99 zł, 5, 3, 148.36 zł / l
akcesoria-do-plytek, silikony-i-akryle, https://images.obi.pl/product/PL/thumb/571069_1.png, Soudal Silikon ognioodporny Fire Silicone B1 FR 310 ml szary, 99.99 zł, 0, 0, 322.55 zł / l
akcesoria-do-plytek, silikony-i-akryle, https://images.obi.pl/product/PL/thumb/633998_2.jpg, Atlas Silikon sanitarny Silton S 036 ciemnoszary 280 ml, 46.99 zł, 0, 0, 167.83 zł / l
akcesoria-do-plytek, silikony-i-akryle, https://images.obi.pl/product/PL/thumb/634434_1.jpg, Sopro Silikon sanitarny manhattan 310 ml, 57.99 zł, 0, 0, 187.07 zł / l
akcesoria-do-plytek, silikony-i-akryle, https://images.obi.pl/product/PL/thumb/634444_1.jpg, Sopro Silikon sanitarny 051 szary 310 ml, 57.99 zł, 0, 0, 187.07 zł / l
akcesoria-do-plytek, silikony-i-akryle, https://images.obi.pl/product/PL/thumb/158527_1.jpg, Soudal Silikon uniwersalny 280 ml brązowy, 27.99 zł, 0, 0, 99.97 zł / l
akcesoria-do-plytek, silikony-i-akryle, https://images.obi.pl/product/PL/thumb/263562_1.jpg, Soudal Akryl 280 ml szary, 15.99 zł, 0, 0, 57.11 zł / l
akcesoria-do-plytek, silikony-i-akryle, https://images.obi.pl/product/PL/thumb/324779_1.jpg, Soudal Silikon neutralny sanitarny 280 ml biały, 33.99 zł, 5, 1, 121.40 zł / l
akcesoria-do-plytek, silikony-i-akryle, https://images.obi.pl/product/PL/thumb/623909_1.jpg, IZOHAN Uszczelniacz dekarski kauczukowy bezbarwny 290 ml, 34.99 zł, 0, 0, 34.99 zł / szt.
akcesoria-do-plytek, silikony-i-akryle, https://images.obi.pl/product/PL/thumb/450729_1.jpg, Mapei Silikon Mapesil AC 112 tytan 310 ml, 45.99 zł, 5, 1, 148.36 zł / l
akcesoria-do-plytek, silikony-i-akryle, https://images.obi.pl/product/PL/thumb/450732_1.jpg, Mapei Silikon Mapesil AC 120 czarny 310 ml, 45.99 zł, 5, 3, 148.36 zł / l
akcesoria-do-plytek, silikony-i-akryle, https://images.obi.pl/product/PL/thumb/450738_1.jpg, Mapei Silikon Mapesil AC 144 czekolada 310 ml, 45.99 zł, 5, 3, 148.36 zł / l
akcesoria-do-plytek, silikony-i-akryle, https://images.obi.pl/product/PL/thumb/603425_1.jpg, Soudal Klej Fix All Classic czarny, 38.99 zł, 0, 0, 134.45 zł / l
akcesoria-do-plytek, silikony-i-akryle, https://images.obi.pl/product/PL/thumb/603442_1.jpg, Soudal Lekka szpachla akrylowa 900 ml, 49.99 zł, 5, 1, 55.55 zł / l
akcesoria-do-plytek, silikony-i-akryle, https://images.obi.pl/product/PL/thumb/621517_1.jpg, Mapei Silikon Mapesil AC 135 złoty pył 310 ml, 45.99 zł, 0, 0, 148.36 zł / l
akcesoria-do-plytek, silikony-i-akryle, https://images.obi.pl/product/PL/thumb/633969_1.jpg, Atlas Silikon sanitarny Silton S 207 latte 280 ml, 46.99 zł, 0, 0, 167.83 zł / l
akcesoria-do-plytek, silikony-i-akryle, https://images.obi.pl/product/PL/thumb/259577_1.jpg, Sopro Silikon sanitarny 030 bazalt 310 ml, 57.99 zł, 0, 0, 187.07 zł / l
akcesoria-do-plytek, silikony-i-akryle, https://images.obi.pl/product/PL/thumb/324707_1.jpg, Soudal Silikon uniwersalny 280 ml biały, 26.99 zł, 0, 0, 96.40 zł / l
akcesoria-do-plytek, silikony-i-akryle, https://images.obi.pl/product/PL/thumb/324706_1.jpg, Soudal Silikon uniwersalny 280 ml bezbarwny, 26.99 zł, 0, 0, 96.40 zł / l
akcesoria-do-plytek, silikony-i-akryle, https://images.obi.pl/product/PL/thumb/324695_1.jpg, Soudal Silikon neutralny 280 ml bezbarwny, 29.99 zł, 0, 0, 107.11 zł / l
akcesoria-do-plytek, silikony-i-akryle, https://images.obi.pl/product/PL/thumb/603434_1.jpg, Soudal Klej Montage Fix 280 ml, 24.99 zł, 0, 0, 89.25 zł / l
akcesoria-do-plytek, silikony-i-akryle, https://images.obi.pl/product/PL/thumb/646953_1.jpg, Expert Line Klej poliuretanowy Express błyskawiczny 750 ml, 44.99 zł, 0, 0, 59.99 zł / l
akcesoria-do-plytek, silikony-i-akryle, https://images.obi.pl/product/PL/thumb/671535_1.jpg, Soudal Uszczelniacz Fix All High Tack Clear 290 ml, 51.99 zł, 0, 0, 179.28 zł / l
akcesoria-do-plytek, silikony-i-akryle, https://images.obi.pl/product/PL/thumb/659838_1.jpg, Rawlplug Kotwa chemiczna 175 ml, 22.99 zł, 0, 0, 131,38 zł / l
akcesoria-do-plytek, silikony-i-akryle, https://images.obi.pl/product/PL/thumb/395076_1.jpg, Ceresit Silikon sanitarny CS 25 10 manhattan 280 ml, 41.99 zł, 4, 1, 149.97 zł / l
akcesoria-do-plytek, silikony-i-akryle, https://images.obi.pl/product/PL/thumb/395080_1.jpg, Ceresit Silikon sanitarny CS 25 58 chocollate 280 ml, 41.99 zł, 4, 1, 149.97 zł / l
akcesoria-do-plytek, silikony-i-akryle, https://images.obi.pl/product/PL/thumb/395082_1.jpg, Ceresit Silikon sanitarny CS 25 13 antracyt 280 ml, 41.99 zł, 4, 1, 149.97 zł / l
akcesoria-do-plytek, silikony-i-akryle, https://images.obi.pl/product/PL/thumb/538571_1.jpg, Ceresit Silikon sanitarny CS25 biały 280 ml, 41.99 zł, 4, 1, 149.97 zł / l
akcesoria-do-plytek, silikony-i-akryle, https://images.obi.pl/product/PL/thumb/538572_1.jpg, Ceresit Silikon sanitarny CS 25 16 grafit 280 ml, 41.99 zł, 4, 1, 149.97 zł / l
akcesoria-do-plytek, silikony-i-akryle, https://images.obi.pl/product/PL/thumb/538561_1.jpg, Ceresit Silikon sanitarny CS 25 bezbarwny 280 ml, 41.99 zł, 4, 1, 149.97 zł / l
akcesoria-do-plytek, silikony-i-akryle, https://images.obi.pl/product/PL/thumb/450726_1.jpg, Mapei Silikon Mapesil AC 130 jaśmin 310 ml, 45.99 zł, 5, 3, 148.36 zł / l
akcesoria-do-plytek, silikony-i-akryle, https://images.obi.pl/product/PL/thumb/450733_1.jpg, Mapei Silikon Mapesil AC 132 beż 2000 310 ml, 45.99 zł, 5, 1, 148.36 zł / l
akcesoria-do-plytek, silikony-i-akryle, https://images.obi.pl/product/PL/thumb/450749_1.jpg, Mapei Silikon Mapesil AC 145 ceglasty 310 ml, 45.99 zł, 5, 3, 148.36 zł / l
akcesoria-do-plytek, silikony-i-akryle, https://images.obi.pl/product/PL/thumb/450730_1.jpg, Mapei Silikon Mapesil AC 113 szary 310 ml, 45.99 zł, 5, 3, 148.36 zł / l
akcesoria-do-plytek, silikony-i-akryle, https://images.obi.pl/product/PL/thumb/603444_1.jpg, Soudal Klej Fix All Classic 290 ml brązowy, 38.99 zł, 0, 0, 134.45 zł / l
akcesoria-do-plytek, silikony-i-akryle, https://images.obi.pl/product/PL/thumb/603441_1.jpg, Soudal Klej Fix All Turbo 290 ml, 48.99 zł, 5, 2, 168.94 zł / l
akcesoria-do-plytek, silikony-i-akryle, https://images.obi.pl/product/PL/thumb/621513_1.jpg, Mapei Silikon Mapesil AC 134 jedwab 310 ml, 45.99 zł, 0, 0, 148.36 zł / l
akcesoria-do-plytek, silikony-i-akryle, https://images.obi.pl/product/PL/thumb/621516_1.jpg, Mapei Silikon Mapesil AC 103 księżycowy biały 310 ml, 45.99 zł, 0, 0, 148.36 zł / l
akcesoria-do-plytek, silikony-i-akryle, https://images.obi.pl/product/PL/thumb/633961_2.jpg, Atlas Silikon sanitarny Silton S 020 beżowy 280 ml, 46.99 zł, 0, 0, 167.83 zł / l
akcesoria-do-plytek, silikony-i-akryle, https://images.obi.pl/product/PL/thumb/633974_1.jpg, Atlas Silikon sanitarny Silton S 206 cappucino 280 ml, 46.99 zł, 0, 0, 167.83 zł / l
akcesoria-do-plytek, silikony-i-akryle, https://images.obi.pl/product/PL/thumb/633982_2.jpg, Atlas Silikon sanitarny Silton S 035 szary 280 ml, 46.99 zł, 5, 1, 167.83 zł / l
akcesoria-do-plytek, silikony-i-akryle, https://images.obi.pl/product/PL/thumb/634397_2.jpg, Sopro Silikon sanitarny jasnoszary 310 ml, 57.99 zł, 0, 0, 187.07 zł / l
akcesoria-do-plytek, silikony-i-akryle, https://images.obi.pl/product/PL/thumb/634417_1.jpg, Sopro Silikon sanitarny piaskowo-szary 310 ml, 57.99 zł, 0, 0, 187.07 zł / l
akcesoria-do-plytek, silikony-i-akryle, https://images.obi.pl/product/PL/thumb/634430_2.jpg, Sopro Silikon sanitarny bezbarwny 310 ml, 57.99 zł, 0, 0, 187.07 zł / l
akcesoria-do-plytek, silikony-i-akryle, https://images.obi.pl/product/PL/thumb/290963_1.jpg, Ceresit Silikon sanitarny CS9 bezbarwny 280 ml, 25.99 zł, 0, 0, 92.83 zł / l
akcesoria-do-plytek, silikony-i-akryle, https://images.obi.pl/product/PL/thumb/158534_1.jpg, Soudal Silikon uniwersalny 280 ml beżowy, 27.99 zł, 0, 0, 99.97 zł / l
akcesoria-do-plytek, silikony-i-akryle, https://images.obi.pl/product/PL/thumb/158540_1.jpg, Soudal Silikon sanitarny 280 ml brązowy, 30.99 zł, 0, 0, 110.68 zł / l
akcesoria-do-plytek, silikony-i-akryle, https://images.obi.pl/product/PL/thumb/158553_1.jpg, Soudal Uszczelniacz dekarski 280 ml czerwony, 35.99 zł, 0, 0, 128.54 zł / l
akcesoria-do-plytek, silikony-i-akryle, https://images.obi.pl/product/PL/thumb/324691_1.jpg, Soudal Silikon akwarystyczny 280 ml beż, 54.99 zł, 0, 0, 196.40 zł / l
akcesoria-do-plytek, silikony-i-akryle, https://images.obi.pl/product/PL/thumb/652054_1.jpg, Bostik Perfect Seal akryl extra 280 ml, 14.99 zł, 5, 35, 14.99 zł / szt.
akcesoria-do-plytek, silikony-i-akryle, https://images.obi.pl/product/PL/thumb/636866_1.jpg, Cersit Silikon sanitarny CS 25 cement gray 280 ml, 41.99 zł, 0, 0, 149.97 zł / l
akcesoria-do-plytek, silikony-i-akryle, https://images.obi.pl/product/PL/thumb/671537_1.jpg, Soudal Uszczelniacz Green Fix polymer 290 ml, 45.99 zł, 0, 0, 158.59 zł / l
akcesoria-do-plytek, silikony-i-akryle, https://images.obi.pl/product/PL/thumb/395077_1.jpg, Ceresit Silikon sanitarny CS 25 55 terra 280 ml, 41.99 zł, 4, 1, 149.97 zł / l
akcesoria-do-plytek, silikony-i-akryle, https://images.obi.pl/product/PL/thumb/395079_1.jpg, Ceresit Silikon sanitarny CS 25 46 karmel 280 ml, 41.99 zł, 4, 1, 149.97 zł / l
akcesoria-do-plytek, silikony-i-akryle, https://images.obi.pl/product/PL/thumb/538575_1.jpg, Ceresit Silikon sanitarny CS 25 7 szary 280 ml, 41.99 zł, 4, 1, 149.97 zł / l
akcesoria-do-plytek, silikony-i-akryle, https://images.obi.pl/product/PL/thumb/550753_1.jpg, Ceresit Silikon sanitarny CS 25 44 toffi 280 ml, 41.99 zł, 4, 1, 149.97 zł / l
akcesoria-do-plytek, silikony-i-akryle, https://images.obi.pl/product/PL/thumb/395078_1.jpg, Ceresit Silikon sanitarny CS 25 43 bahama 280 ml, 41.99 zł, 4, 1, 149.97 zł / l
akcesoria-do-plytek, silikony-i-akryle, https://images.obi.pl/product/PL/thumb/621518_1.jpg, Mapei Silikon Mapesil AC 133 piasek 310 ml, 45.99 zł, 0, 0, 148.36 zł / l
akcesoria-do-plytek, silikony-i-akryle, https://images.obi.pl/product/PL/thumb/633964_1.jpg, Atlas Silikon sanitarny Silton S 118 jaśminowy 280 ml, 46.99 zł, 0, 0, 167.83 zł / l
akcesoria-do-plytek, silikony-i-akryle, https://images.obi.pl/product/PL/thumb/633966_2.jpg, Atlas Silikon sanitarny Silton S 209 kasztanowy 280 ml, 46.99 zł, 0, 0, 167.83 zł / l
akcesoria-do-plytek, silikony-i-akryle, https://images.obi.pl/product/PL/thumb/633967_1.jpg, Atlas Silikon sanitarny Silton S 120 toffi 280 ml, 46.99 zł, 0, 0, 167.83 zł / l
akcesoria-do-plytek, silikony-i-akryle, https://images.obi.pl/product/PL/thumb/633978_2.jpg, Atlas Silikon sanitarny Silton S 124 ciemne wenge 280 ml, 46.99 zł, 0, 0, 167.83 zł / l
akcesoria-do-plytek, silikony-i-akryle, https://images.obi.pl/product/PL/thumb/633980_1.jpg, Atlas Silikon sanitarny Silton S 136 srebrny 280 ml, 46.99 zł, 0, 0, 167.83 zł / l
akcesoria-do-plytek, silikony-i-akryle, https://images.obi.pl/product/PL/thumb/633989_1.jpg, Atlas Silikon sanitarny Silton S 203 stalowy 280 ml, 46.99 zł, 0, 0, 167.83 zł / l
akcesoria-do-plytek, silikony-i-akryle, https://images.obi.pl/product/PL/thumb/634005_2.jpg, Atlas Silikon sanitarny Silton S 022 orzechowy 280 ml, 46.99 zł, 0, 0, 167.83 zł / l
akcesoria-do-plytek, silikony-i-akryle, https://images.obi.pl/product/PL/thumb/634029_2.jpg, Atlas Silikon sanitarny Silton S 216 czerwony 280 ml, 46.99 zł, 0, 0, 167.83 zł / l
akcesoria-do-plytek, silikony-i-akryle, https://images.obi.pl/product/PL/thumb/634030_2.jpg, Atlas Silikon sanitarny Silton S 024 ciemnobrązowy 280 ml, 46.99 zł, 0, 0, 167.83 zł / l
akcesoria-do-plytek, silikony-i-akryle, https://images.obi.pl/product/PL/thumb/634031_1.jpg, Atlas Silikon sanitarny Silton S 023 brązowy 280 ml, 46.99 zł, 0, 0, 167.83 zł / l
akcesoria-do-plytek, silikony-i-akryle, https://images.obi.pl/product/PL/thumb/634404_1.jpg, Sopro Silikon sanitarny betonowo-szary 310 ml, 57.99 zł, 0, 0, 187.07 zł / l
akcesoria-do-plytek, silikony-i-akryle, https://images.obi.pl/product/PL/thumb/634421_1.jpg, Sopro Silikon sanitarny kamienno-szary 310 ml, 57.99 zł, 0, 0, 187.07 zł / l
akcesoria-do-plytek, silikony-i-akryle, https://images.obi.pl/product/PL/thumb/634428_1.jpg, Sopro Silikon sanitarny srebrno-szary 310 ml, 57.99 zł, 0, 0, 187.07 zł / l
akcesoria-do-plytek, silikony-i-akryle, https://images.obi.pl/product/PL/thumb/634436_1.jpg, Sopro Silikon sanitarny beż bahama 310 ml, 57.99 zł, 0, 0, 187.07 zł / l
akcesoria-do-plytek, silikony-i-akryle, https://images.obi.pl/product/PL/thumb/634437_1.jpg, Sopro Silikon sanitarny biały 310 ml, 57.99 zł, 0, 0, 187.07 zł / l
akcesoria-do-plytek, silikony-i-akryle, https://images.obi.pl/product/PL/thumb/634439_1.jpg, Sopro Silikon sanitarny antracyt 310 ml, 57.99 zł, 0, 0, 187.07 zł / l
akcesoria-do-plytek, silikony-i-akryle, https://images.obi.pl/product/PL/thumb/265696_1.jpg, Ceresit Re-new white 100 ml, 34.99 zł, 0, 0, 349.90 zł / l
akcesoria-do-plytek, silikony-i-akryle, https://images.obi.pl/product/PL/thumb/637705_1.jpg, Ceresit Klej uniwersalny CX 10 - 850 ml, 45.99 zł, 0, 0, 54.11 zł / l
akcesoria-do-plytek, silikony-i-akryle, https://images.obi.pl/product/PL/thumb/308205_1.jpg, Knauf Silikon sanitarny ciemno szary 280 ml, 54.99 zł, 0, 0, 196.40 zł / l
akcesoria-do-plytek, silikony-i-akryle, https://images.obi.pl/product/PL/thumb/308204_1.jpg, Knauf Silikon sanitarny szary 280 ml, 54.99 zł, 0, 0, 196.40 zł / l
akcesoria-do-plytek, silikony-i-akryle, https://images.obi.pl/product/PL/thumb/308197_1.jpg, Knauf Silikon sanitarny antracyt 280 ml, 54.99 zł, 0, 0, 196.40 zł / l
akcesoria-do-plytek, silikony-i-akryle, https://images.obi.pl/product/PL/thumb/308199_1.jpg, Knauf Silikon sanitarny czarny 280 ml, 54.99 zł, 0, 0, 196.40 zł / l
akcesoria-do-plytek, silikony-i-akryle, https://images.obi.pl/product/PL/thumb/308198_1.jpg, Knauf Silikon sanitarny biały 280 ml, 54.99 zł, 0, 0, 196.40 zł / l
akcesoria-do-plytek, silikony-i-akryle, https://images.obi.pl/product/PL/thumb/308206_1.jpg, Knauf Silikon sanitarny bezbarwny 280 ml, 54.99 zł, 0, 0, 196.40 zł / l
akcesoria-do-plytek, silikony-i-akryle, https://images.obi.pl/product/PL/thumb/308201_1.jpg, Knauf Silikon sanitarny jasny szary 280 ml, 54.99 zł, 0, 0, 196.40 zł / l
akcesoria-do-plytek, silikony-i-akryle, https://images.obi.pl/product/PL/thumb/308196_1.jpg, Knauf Silikon sanitarny anemon 280 ml, 54.99 zł, 0, 0, 196.40 zł / l
akcesoria-do-plytek, silikony-i-akryle, https://images.obi.pl/product/PL/thumb/158544_1.jpg, Soudal Silikon neutralny 280 ml biały, 29.99 zł, 0, 0, 107.11 zł / l
akcesoria-do-plytek, silikony-i-akryle, https://images.obi.pl/product/PL/thumb/324693_1.jpg, Soudal Silikon neutralny Express 280 ml biały, 44.99 zł, 0, 0, 160.68 zł / l
akcesoria-do-plytek, silikony-i-akryle, https://images.obi.pl/product/PL/thumb/626190_1.jpg, Soudal Silikon sanitarny Extra biały 280 ml, 35.99 zł, 0, 0, 128.54 zł / l
akcesoria-do-plytek, silikony-i-akryle, https://images.obi.pl/product/PL/thumb/324246_1.jpg, Knauf Silikon sanitarny bahama beż 280 ml, 54.99 zł, 0, 0, 196.40 zł / l
akcesoria-do-plytek, silikony-i-akryle, https://images.obi.pl/product/PL/thumb/641646_1.jpg, Expert Line Silikon uniwersalny biały 280 ml, 23.99 zł, 0, 0, 85.68 zł / l
akcesoria-do-plytek, silikony-i-akryle, https://images.obi.pl/product/PL/thumb/647334_1.jpg, Expert Line Silikon neutralny 280 ml biały, 27.99 zł, 0, 0, 99.97 zł / l
akcesoria-do-plytek, silikony-i-akryle, https://images.obi.pl/product/PL/thumb/647335_1.jpg, Expert Line Silikon neutralny 280 ml bezbarwny, 27.99 zł, 0, 0, 99.97 zł / l
akcesoria-do-plytek, silikony-i-akryle, https://images.obi.pl/product/PL/thumb/334603_1.jpg, Cersit Silikon sanitarny CS25 marble white 280 ml, 41.99 zł, 0, 0, 149.97 zł / l
akcesoria-do-plytek, silikony-i-akryle, https://images.obi.pl/product/PL/thumb/334604_1.jpg, Cersit Silikon sanitarny CS25 brown 280 ml, 41.99 zł, 0, 0, 149.97 zł / l
akcesoria-do-plytek, silikony-i-akryle, https://images.obi.pl/product/PL/thumb/334605_1.jpg, Cersit Silikon sanitarny CS25 platinum 280 ml, 41.99 zł, 0, 0, 149.97 zł / l
akcesoria-do-plytek, silikony-i-akryle, https://images.obi.pl/product/PL/thumb/334606_1.jpg, Cersit Silikon sanitarny CS25 almontree 280 ml, 41.99 zł, 0, 0, 149.97 zł / l
akcesoria-do-plytek, silikony-i-akryle, https://images.obi.pl/product/PL/thumb/334607_1.jpg, Cersit Silikon sanitarny CS25 iron grey 280 ml, 41.99 zł, 0, 0, 149.97 zł / l
akcesoria-do-plytek, silikony-i-akryle, https://images.obi.pl/product/PL/thumb/636859_1.jpg, Cersit Silikon sanitarny CS 25 coal 280 ml, 41.99 zł, 0, 0, 149.97 zł / l
akcesoria-do-plytek, silikony-i-akryle, https://images.obi.pl/product/PL/thumb/671536_1.jpg, Soudal Uszczelniacz Fix All super mocny 290 ml, 46.99 zł, 0, 0, 162.04 zł / l
akcesoria-do-plytek, silikony-i-akryle, https://images.obi.pl/product/PL/thumb/395086_1.jpg, Ceresit Silikon sanitarny CS 25 40 jaśmin 280 ml, 41.99 zł, 4, 1, 149.97 zł / l
akcesoria-do-plytek, silikony-i-akryle, https://images.obi.pl/product/PL/thumb/450737_1.jpg, Mapei Silikon Mapesil AC 143 cynamon 310 ml, 45.99 zł, 5, 3, 148.36 zł / l
akcesoria-do-plytek, silikony-i-akryle, https://images.obi.pl/product/PL/thumb/450727_1.jpg, Mapei Silikon Mapesil AC 111 srebrny 310 ml, 45.99 zł, 5, 3, 148.36 zł / l
akcesoria-do-plytek, silikony-i-akryle, https://images.obi.pl/product/PL/thumb/450734_1.jpg, Mapei Silikon Mapesil AC 131 wanilia 310 ml, 45.99 zł, 5, 3, 148.36 zł / l
akcesoria-do-plytek, silikony-i-akryle, https://images.obi.pl/product/PL/thumb/450735_1.jpg, Mapei Silikon Mapesil AC 141 karmel 310 ml, 45.99 zł, 5, 3, 148.36 zł / l
akcesoria-do-plytek, silikony-i-akryle, https://images.obi.pl/product/PL/thumb/450745_1.jpg, Mapei Silikon Mapesil AC 180 mięta 310 ml, 45.99 zł, 5, 3, 148.36 zł / l
akcesoria-do-plytek, silikony-i-akryle, https://images.obi.pl/product/PL/thumb/450750_1.jpg, Mapei Silikon Mapesil AC 181 zielony 310 ml, 45.99 zł, 5, 3, 148.36 zł / l
akcesoria-do-plytek, silikony-i-akryle, https://images.obi.pl/product/PL/thumb/571067_1.jpg, Soudal Akryl Firecryl FR 310 ml biały, 69.99 zł, 0, 0, 225,.78 zł / l
akcesoria-do-plytek, silikony-i-akryle, https://images.obi.pl/product/PL/thumb/621514_1.jpg, Mapei Silikon Mapesil AC 136 brunatny 310 ml, 45.99 zł, 0, 0, 148.36 zł / l
akcesoria-do-plytek, silikony-i-akryle, https://images.obi.pl/product/PL/thumb/621515_1.jpg, Mapei Silikon Mapesil AC 149 piasek wulkaniczny 310 ml, 45.99 zł, 0, 0, 148.36 zł / l
akcesoria-do-plytek, silikony-i-akryle, https://images.obi.pl/product/PL/thumb/633971_1.jpg, Atlas Silikon sanitarny Silton S 025 jasnozielony 280 ml, 46.99 zł, 0, 0, 167.83 zł / l
akcesoria-do-plytek, silikony-i-akryle, https://images.obi.pl/product/PL/thumb/633976_2.jpg, Atlas Silikon sanitarny Silton S 205 kremowy 280 ml, 46.99 zł, 0, 0, 167.83 zł / l
akcesoria-do-plytek, silikony-i-akryle, https://images.obi.pl/product/PL/thumb/633977_2.jpg, Atlas Silikon sanitarny Silton S 018 beż pastelowy 280 ml, 46.99 zł, 0, 0, 167.83 zł / l
akcesoria-do-plytek, silikony-i-akryle, https://images.obi.pl/product/PL/thumb/634001_1.jpg, Atlas Silikon sanitarny Silton S 019 jasnobeżowy 280 ml, 46.99 zł, 0, 0, 167.83 zł / l
akcesoria-do-plytek, silikony-i-akryle, https://images.obi.pl/product/PL/thumb/634013_2.jpg, Atlas Silikon sanitarny Silton S 213 mandarynkowy 280 ml, 46.99 zł, 0, 0, 167.83 zł / l
akcesoria-do-plytek, silikony-i-akryle, https://images.obi.pl/product/PL/thumb/634016_1.jpg, Atlas Silikon sanitarny Silton S 212 szarobrązowy 280 ml, 46.99 zł, 0, 0, 167.83 zł / l
akcesoria-do-plytek, silikony-i-akryle, https://images.obi.pl/product/PL/thumb/634018_2.jpg, Atlas Silikon sanitarny Silton S 214 wrzosowy 280 ml, 46.99 zł, 0, 0, 167.83 zł / l
akcesoria-do-plytek, silikony-i-akryle, https://images.obi.pl/product/PL/thumb/634020_2.jpg, Atlas Silikon sanitarny Silton S 218 cytrynowy 280 ml, 46.99 zł, 0, 0, 167.83 zł / l
akcesoria-do-plytek, silikony-i-akryle, https://images.obi.pl/product/PL/thumb/634024_2.jpg, Atlas Silikon sanitarny Silton S 211 cementowy 280 ml, 46.99 zł, 0, 0, 167.83 zł / l
akcesoria-do-plytek, silikony-i-akryle, https://images.obi.pl/product/PL/thumb/634027_1.jpg, Atlas Silikon sanitarny Silton S 210 kakao 280 ml, 46.99 zł, 0, 0, 167.83 zł / l
akcesoria-do-plytek, silikony-i-akryle, https://images.obi.pl/product/PL/thumb/634429_2.jpg, Sopro Silikon sanitarny beżowy 310 ml, 57.99 zł, 0, 0, 187.07 zł / l
akcesoria-do-plytek, silikony-i-akryle, https://images.obi.pl/product/PL/thumb/634432_1.jpg, Sopro Silikon sanitarny beż jura 310 ml, 57.99 zł, 5, 1, 187.07 zł / l
akcesoria-do-plytek, silikony-i-akryle, https://images.obi.pl/product/PL/thumb/634433_1.jpg, Sopro Silikon sanitarny anemon 310 ml, 57.99 zł, 0, 0, 187.07 zł / l
akcesoria-do-plytek, silikony-i-akryle, https://images.obi.pl/product/PL/thumb/634435_2.jpg, Sopro Silikon sanitarny brąz 310 ml, 57.99 zł, 0, 0, 187.07 zł / l
akcesoria-do-plytek, silikony-i-akryle, https://images.obi.pl/product/PL/thumb/634440_1.jpg, Sopro Silikon sanitarny jasny beż 310 ml, 57.99 zł, 0, 0, 187.07 zł / l
akcesoria-do-plytek, silikony-i-akryle, https://images.obi.pl/product/PL/thumb/634441_1.jpg, Sopro Silikon sanitarny jaśmin 310 ml, 57.99 zł, 0, 0, 187.07 zł / l
akcesoria-do-plytek, silikony-i-akryle, https://images.obi.pl/product/PL/thumb/634442_1.jpg, Sopro Silikon sanitarny 055 pergamon 310 ml, 57.99 zł, 0, 0, 187.07 zł / l
akcesoria-do-plytek, silikony-i-akryle, https://images.obi.pl/product/PL/thumb/634443_1.jpg, Sopro Silikon sanitarny 056 brąz bali 310 ml, 57.99 zł, 0, 0, 187.07 zł / l
akcesoria-do-plytek, silikony-i-akryle, https://images.obi.pl/product/PL/thumb/634445_1.jpg, Sopro Silikon sanitarny 057 karmel 310 ml, 57.99 zł, 0, 0, 187.07 zł / l
akcesoria-do-plytek, silikony-i-akryle, https://images.obi.pl/product/PL/thumb/634450_1.jpg, Sopro Silikon sanitarny 240 toffi 310 ml, 40.99 zł, 0, 0, 132.23 zł / l
akcesoria-do-plytek, silikony-i-akryle, https://images.obi.pl/product/PL/thumb/634454_1.jpg, Sopro Silikon sanitarny 232 umbra 310 ml, 57.99 zł, 0, 0, 187.07 zł / l
akcesoria-do-plytek, silikony-i-akryle, https://images.obi.pl/product/PL/thumb/308200_1.jpg, Knauf Silikon sanitarny jasny brąz 280 ml, 54.99 zł, 0, 0, 196.40 zł / l
akcesoria-do-plytek, silikony-i-akryle, https://images.obi.pl/product/PL/thumb/308203_1.jpg, Knauf Silikon sanitarny manhattan 280 ml, 54.99 zł, 0, 0, 196.40 zł / l
akcesoria-do-plytek, silikony-i-akryle, https://images.obi.pl/product/PL/thumb/308202_1.jpg, Knauf Silikon sanitarny jaśmin 280 ml, 54.99 zł, 0, 0, 196.40 zł / l
akcesoria-do-plytek, silikony-i-akryle, https://images.obi.pl/product/PL/thumb/324247_1.jpg, Knauf Silikon sanitarny karmel 280 ml, 54.99 zł, 0, 0, 196.40 zł / l
akcesoria-do-plytek, silikony-i-akryle, https://images.obi.pl/product/PL/thumb/324248_1.jpg, Knauf Silikon sanitarny ciemny brąz 280 ml, 54.99 zł, 0, 0, 196.40 zł / l
akcesoria-do-plytek, silikony-i-akryle, https://images.obi.pl/product/PL/thumb/324805_1.jpg, Knauf Silikon sanitarny brąz 280 ml, 54.99 zł, 0, 0, 196.40 zł / l
akcesoria-do-plytek, silikony-i-akryle, https://images.obi.pl/product/PL/thumb/615844_1.jpg, Soudal Klej montażowy T-REX super mocny 380 g, 23.99 zł, 3.3, 7, 77.39 zł / l
akcesoria-do-plytek, silikony-i-akryle, https://images.obi.pl/product/PL/thumb/158541_1.jpg, Soudal Silikon sanitarny 280 ml szary, 30.99 zł, 3, 2, 110.68 zł / l
akcesoria-do-plytek, silikony-i-akryle, https://images.obi.pl/product/PL/thumb/662295_1.jpg, Soudal Silikon uniwersalny czarny 280 ml, 27.99 zł, 3, 1, 99.97 zł / l
akcesoria-do-plytek, silikony-i-akryle, https://images.obi.pl/product/PL/thumb/324765_1.jpg, Soudal Akryl 280 ml biały, 10.99 zł, 3, 2, 39.25 zł / l
akcesoria-do-plytek, silikony-i-akryle, https://images.obi.pl/product/PL/thumb/290959_1.jpg, Ceresit Uszczelniacz akrylowy CS7 biały 280 ml, 10.99 zł, 3, 2, 39.25 zł / l
akcesoria-do-plytek, silikony-i-akryle, https://images.obi.pl/product/PL/thumb/632532_1.jpg, Fischer Kotwa chemiczna FIP C 300T 300 ml, 31.90 zł, 2.7, 3, 106.34 zł / l
akcesoria-do-plytek, silikony-i-akryle, https://images.obi.pl/product/PL/thumb/646958_1.jpg, Lux Kostki do układania silikonu 4szt., 15.99 zł, 0, 0, 15.99 zł / szt.
akcesoria-do-plytek, silikony-i-akryle, https://images.obi.pl/product/PL/thumb/468892_1.jpg, Soudal Środek do usuwania silikonu 100 ml, 49.99 zł, 5, 7, 499.90 zł / l
akcesoria-do-plytek, silikony-i-akryle, https://images.obi.pl/product/PL/thumb/324769_1.jpg, Soudal Akryl do tynków 280 ml biały, 18.99 zł, 0, 0, 67.83 zł / l
akcesoria-do-plytek, silikony-i-akryle, https://images.obi.pl/product/PL/thumb/537212_1.jpg, Soudal Aplikator do kartuszy 3 sztuki, 2.67 zł, 0, 0, 0.89 zł / szt.
akcesoria-do-plytek, silikony-i-akryle, https://images.obi.pl/product/PL/thumb/644586_1.jpg, Szpachelki do silikonu 4 szt., 25.99 zł, 0, 0, 25.99 zł / szt.
akcesoria-do-plytek, silikony-i-akryle, https://images.obi.pl/product/PL/thumb/687693_1.jpg, Pattex Silikon naprawczy renowator Re-New (do łazienek lub toalet lub korytarzy) biały, 37.99 zł, 0, 0, 0.48 zł / l
akcesoria-do-plytek, silikony-i-akryle, https://images.obi.pl/product/PL/thumb/603446_1.jpg, Soudal Klej do folii budowlanej Vapouresal 310 ml, 43.99 zł, 0, 0, 141.91 zł / l
akcesoria-do-plytek, silikony-i-akryle, https://images.obi.pl/product/PL/thumb/322875_1.jpg, Dragon Pro Zmywacz do silikonu 1 l, 38.99 zł, 0, 0, 38.99 zł / l
akcesoria-do-plytek, silikony-i-akryle, https://images.obi.pl/product/PL/thumb/324776_1.jpg, Soudal Super klej do glazury i terakoty 24A 280 ml, 19.99 zł, 4, 1, 71.40 zł / l
akcesoria-do-plytek, silikony-i-akryle, https://images.obi.pl/product/PL/thumb/339908_1.jpg, Expert Line Uszczelniacz akrylowy do płyt G-K biały 280 ml, 15.99 zł, 0, 0, 57.11 zł / l
akcesoria-do-plytek, silikony-i-akryle, https://images.obi.pl/product/PL/thumb/687692_1.jpg, Pattex Silikon naprawczy renowator Re-New (do łazienek lub toalet lub korytarzy) biały, 42.99 zł, 0, 0, 0.16 zł / l
akcesoria-do-plytek, silikony-i-akryle, https://images.obi.pl/product/PL/thumb/571071_1.jpg, Soudal Klej do blach 290 ml bezbarwny, 44.99 zł, 0, 0, 155.14 zł / l
akcesoria-do-plytek, silikony-i-akryle, https://images.obi.pl/product/PL/thumb/659558_1.jpg, Soudal Akryl sanitarny 280 ml, 18.99 zł, 2, 1, 67.83 zł / l
akcesoria-do-plytek, silikony-i-akryle, https://images.obi.pl/product/PL/thumb/641593_1.jpg, Soudal Klej do dachówek Colodach 280 ml, 25.99 zł, 0, 0, 92.83 zł / l
akcesoria-do-plytek, silikony-i-akryle, https://images.obi.pl/product/PL/thumb/669909_1.jpg, Lux Paca do fug 150 mm, 7.99 zł, 0, 0, 7.99 zł / szt.
akcesoria-do-plytek, silikony-i-akryle, https://images.obi.pl/product/PL/thumb/683865_1.jpg, Soudal Końcówka mieszająca do kotew 5szt., 8.46 zł, 0, 0, 1.70 zł / szt.
akcesoria-do-plytek, silikony-i-akryle, https://images.obi.pl/product/PL/thumb/571064_1.jpg, Soudal Klej do blach 290 ml szary, 44.99 zł, 0, 0, 155.14 zł / l
akcesoria-do-plytek, silikony-i-akryle, https://images.obi.pl/product/PL/thumb/603440_2.jpg, Soudal Klej do blach 290 ml, 44.99 zł, 0, 0, 155.14 zł / l
akcesoria-do-plytek, silikony-i-akryle, https://images.obi.pl/product/PL/thumb/621519_1.jpg, Mapei Silikon Mapesil AC 174 tornado 310 ml, 45.99 zł, 0, 0, 148.36 zł / l
akcesoria-do-plytek, silikony-i-akryle, https://images.obi.pl/product/PL/thumb/669910_1.jpg, Lux Paca do fug 200 mm, 8.99 zł, 0, 0, 8.99 zł / szt.
akcesoria-do-plytek, silikony-i-akryle, https://images.obi.pl/product/PL/thumb/669911_1.jpg, Lux Paca do fug 300 mm, 12.99 zł, 0, 0, 12.99 zł / szt.
akcesoria-do-plytek, silikony-i-akryle, https://images.obi.pl/product/PL/thumb/571066_1.jpg, Soudal Klej do blach 290 ml brązowy, 44.99 zł, 0, 0, 155.14 zł / l
akcesoria-do-plytek, silikony-i-akryle, https://images.obi.pl/product/PL/thumb/634008_2.jpg, Atlas Silikon sanitarny Silton S 217 szmaragdowy 280 ml, 46.99 zł, 0, 0, 167.83 zł / l
akcesoria-do-plytek, silikony-i-akryle, https://images.obi.pl/product/PL/thumb/634022_1.jpg, Atlas Silikon sanitarny Silton S 220 awokado 280 ml, 46.99 zł, 0, 0, 167.83 zł / l
akcesoria-do-plytek, silikony-i-akryle, https://images.obi.pl/product/PL/thumb/656081_1.jpg, Stone Master Klej hybrydowy Concrete Glue 290 ml, 39.99 zł, 3, 1, 103.42 zł / l
akcesoria-do-plytek, silikony-i-akryle, https://images.obi.pl/product/PL/thumb/324775_1.jpg, Soudal Uszczelniacz do pieców 280 ml czarny, 29.99 zł, 1, 1, 107.11 zł / l
akcesoria-do-plytek, silikony-i-akryle, https://images.obi.pl/product/PL/thumb/326028_1.jpg, Soudal Akryl do płyt G-K 280 ml biały, 14.99 zł, 1, 1, 53.54 zł / l
tynk-zaprawa-i-cement, stal-budowlana-i-kraty-budowlane, https://images.obi.pl/product/PL/thumb/320152_1.jpg, Kątownik stalowy gładki ZG 40x40x2 mm dł. 3000 mm, 94.96 zł, 0, 0, 31.66 zł / mb
tynk-zaprawa-i-cement, stal-budowlana-i-kraty-budowlane, https://images.obi.pl/product/PL/thumb/543836_1.jpg, Mata zbrojeniowa zgrzewana 100x200 cm z kratką 15 x 15 cm, 16.99 zł, 4.3, 3, 16.99 zł / szt.
tynk-zaprawa-i-cement, stal-budowlana-i-kraty-budowlane, https://images.obi.pl/product/PL/thumb/320150_1.jpg, Pręt stalowy żebrowany śr. 6 mm x 3000 mm, 9.46 zł, 0, 0, 3.16 zł / mb
tynk-zaprawa-i-cement, stal-budowlana-i-kraty-budowlane, https://images.obi.pl/product/PL/thumb/260509_1.jpg, Mata zbrojeniowa zgrzewana 100 mm x 100 mm, 14.99 zł, 0, 0, 14.99 zł / szt.
tynk-zaprawa-i-cement, stal-budowlana-i-kraty-budowlane, https://images.obi.pl/product/PL/thumb/320143_1.jpg, Pręt stalowy gładki śr. 10 mm x 3000 mm, 22.96 zł, 0, 0, 7.66 zł / mb
tynk-zaprawa-i-cement, stal-budowlana-i-kraty-budowlane, https://images.obi.pl/product/PL/thumb/628119_2.jpg, Drut stalowy ocynkowany śr. 0.8 mm x 100 m, 31.99 zł, 0, 0, 31.99 zł / szt.
tynk-zaprawa-i-cement, stal-budowlana-i-kraty-budowlane, https://images.obi.pl/product/PL/thumb/652682_1.jpg, Dystans stropowy zbrojeniowy DSTU 1 - 100 sztuk, 25.99 zł, 0, 0, 25.99 zł / PACZKA
tynk-zaprawa-i-cement, stal-budowlana-i-kraty-budowlane, https://images.obi.pl/product/PL/thumb/626612_3.jpg, Strzemiona budowlane 25 cm x 30 cm - 20 szt, 48.99 zł, 0, 0, 48.99 zł / szt.
tynk-zaprawa-i-cement, stal-budowlana-i-kraty-budowlane, https://images.obi.pl/product/PL/thumb/626613_1.jpg, Strzemiona budowlane 25 cm x 25 cm 20 sztuk, 42.99 zł, 0, 0, 42.99 zł / szt.
tynk-zaprawa-i-cement, stal-budowlana-i-kraty-budowlane, https://images.obi.pl/product/PL/thumb/612574_1.jpg, Siatka do wylewek 1 m x 50 mb, 8.49 zł / m2, 5, 2, 8.49 zł / opakowanie
