https://images.obi.pl/product/PL/thumb/307949_1.jpg|Skiva Taczka spawana 90L|248.0|190.96|1^7^8|materialy budowlane|akcesoria budowlane|4.5|25.0|248.00 zł / szt.|0
https://images.obi.pl/product/PL/thumb/512913_1.jpg|Bayersystem Drabina wielofunkcyjna TG-DW 3 x 7 szczebli|359.0|276.43|4^5|materialy budowlane|akcesoria budowlane|4.2|18.0|398.00 zł / szt.|1
https://images.obi.pl/product/PL/thumb/512911_1.jpg|Bayersystem Drabina wielofunkcyjna TG-DW 3 x 9 szczebli|598.0|460.46|1^3^8|materialy budowlane|akcesoria budowlane|4.6|14.0|598.00 zł / szt.|2
https://images.obi.pl/product/PL/thumb/472741_1.jpg|CMI Pianka montażowa wężykowa 750 ml|17.99|13.85|3^7|materialy budowlane|akcesoria budowlane|4.3|10.0|23.99 zł / l|3
https://images.obi.pl/product/PL/thumb/338529_1.jpg|LUX Plandeka 80 g/m2 zielona, 3 m x 4 m|31.99|24.63|1^2^5|materialy budowlane|akcesoria budowlane|4.4|118.0|82.99 zł / szt.|4
https://images.obi.pl/product/PL/thumb/338529_1.jpg|LUX Plandeka 80 g/m2 zielona, 3 m x 4 m|31.99|24.63|1^2^5|materialy budowlane|akcesoria budowlane|4.4|183.0|155.00 zł / szt.|5
https://images.obi.pl/product/PL/thumb/338529_1.jpg|LUX Plandeka 80 g/m2 zielona, 3 m x 4 m|31.99|24.63|1^2^5|materialy budowlane|akcesoria budowlane|4.4|184.0|31.99 zł / szt.|6
https://images.obi.pl/product/PL/thumb/338529_1.jpg|LUX Plandeka 80 g/m2 zielona, 3 m x 4 m|31.99|24.63|1^2^5|materialy budowlane|akcesoria budowlane|4.4|182.0|49.99 zł / szt.|7
https://images.obi.pl/product/PL/thumb/338529_1.jpg|LUX Plandeka 80 g/m2 zielona, 3 m x 4 m|31.99|24.63|1^2^5|materialy budowlane|akcesoria budowlane|4.4|119.0|25.99 zł / szt.|8
https://images.obi.pl/product/PL/thumb/338529_1.jpg|LUX Plandeka 120 g/m2 zielona, 3 m x 5 m|49.99|38.49|3^8^9|materialy budowlane|akcesoria budowlane|4.4|118.0|82.99 zł / szt.|9
https://images.obi.pl/product/PL/thumb/338529_1.jpg|LUX Plandeka 120 g/m2 zielona, 3 m x 5 m|49.99|38.49|3^8^9|materialy budowlane|akcesoria budowlane|4.4|183.0|155.00 zł / szt.|10
https://images.obi.pl/product/PL/thumb/338529_1.jpg|LUX Plandeka 120 g/m2 zielona, 3 m x 5 m|49.99|38.49|3^8^9|materialy budowlane|akcesoria budowlane|4.4|184.0|31.99 zł / szt.|11
https://images.obi.pl/product/PL/thumb/338529_1.jpg|LUX Plandeka 120 g/m2 zielona, 3 m x 5 m|49.99|38.49|3^8^9|materialy budowlane|akcesoria budowlane|4.4|182.0|49.99 zł / szt.|12
https://images.obi.pl/product/PL/thumb/338529_1.jpg|LUX Plandeka 120 g/m2 zielona, 3 m x 5 m|49.99|38.49|3^8^9|materialy budowlane|akcesoria budowlane|4.4|119.0|25.99 zł / szt.|13
https://images.obi.pl/product/PL/thumb/626620_1.jpg|Skiva Betoniarka SB-100 550 W|849.0|653.73|2^3^7|materialy budowlane|akcesoria budowlane|4.4|15.0|849.00 zł / szt.|14
https://images.obi.pl/product/PL/thumb/544040_1.jpg|Soudal Pianka montażowa pistoletowa Okna & Drzwi 750 ml|29.99|23.09|2^4^6|materialy budowlane|akcesoria budowlane|5.0|2.0|39.99 zł / l|15
https://images.obi.pl/product/PL/thumb/338529_1.jpg|LUX Plandeka 120 g/m2 zielona, 4 m x 6 m|82.99|63.9|1^6|materialy budowlane|akcesoria budowlane|4.4|118.0|82.99 zł / szt.|16
https://images.obi.pl/product/PL/thumb/338529_1.jpg|LUX Plandeka 120 g/m2 zielona, 4 m x 6 m|82.99|63.9|1^6|materialy budowlane|akcesoria budowlane|4.4|183.0|155.00 zł / szt.|17
https://images.obi.pl/product/PL/thumb/338529_1.jpg|LUX Plandeka 120 g/m2 zielona, 4 m x 6 m|82.99|63.9|1^6|materialy budowlane|akcesoria budowlane|4.4|184.0|31.99 zł / szt.|18
https://images.obi.pl/product/PL/thumb/338529_1.jpg|LUX Plandeka 120 g/m2 zielona, 4 m x 6 m|82.99|63.9|1^6|materialy budowlane|akcesoria budowlane|4.4|182.0|49.99 zł / szt.|19
https://images.obi.pl/product/PL/thumb/338529_1.jpg|LUX Plandeka 120 g/m2 zielona, 4 m x 6 m|82.99|63.9|1^6|materialy budowlane|akcesoria budowlane|4.4|119.0|25.99 zł / szt.|20
https://images.obi.pl/product/PL/thumb/618892_1.jpg|Bayersystem Drabina przystawna TG-DJ 1 x 10 szczebli|229.0|176.33|2^5^6|materialy budowlane|akcesoria budowlane|0.0|0.0|229.00 zł / szt.|21
https://images.obi.pl/product/PL/thumb/307950_1.jpg|Skiva Taczka Spawana skręcana|299.0|230.23|2^5^7|materialy budowlane|akcesoria budowlane|4.1|8.0|299.00 zł / szt.|22
https://images.obi.pl/product/PL/thumb/136965_1.jpg|LUX Plandeka 80 g/m2 zielona 2 m x 3 m|13.99|10.77|2^3^8|materialy budowlane|akcesoria budowlane|4.4|184.0|13.99 zł / szt.|23
https://images.obi.pl/product/PL/thumb/260974_1.jpg|Skiva Betoniarka SB-140 550 W|999.0|769.23|1^3|materialy budowlane|akcesoria budowlane|4.1|11.0|999.00 zł / opakowanie|24
https://images.obi.pl/product/PL/thumb/338529_1.jpg|LUX Plandeka 120 g/m2 zielona 2 m x 3 m|25.99|20.01|4^5^6|materialy budowlane|akcesoria budowlane|4.4|118.0|82.99 zł / szt.|25
https://images.obi.pl/product/PL/thumb/338529_1.jpg|LUX Plandeka 120 g/m2 zielona 2 m x 3 m|25.99|20.01|4^5^6|materialy budowlane|akcesoria budowlane|4.4|183.0|155.00 zł / szt.|26
https://images.obi.pl/product/PL/thumb/338529_1.jpg|LUX Plandeka 120 g/m2 zielona 2 m x 3 m|25.99|20.01|4^5^6|materialy budowlane|akcesoria budowlane|4.4|184.0|31.99 zł / szt.|27
https://images.obi.pl/product/PL/thumb/338529_1.jpg|LUX Plandeka 120 g/m2 zielona 2 m x 3 m|25.99|20.01|4^5^6|materialy budowlane|akcesoria budowlane|4.4|182.0|49.99 zł / szt.|28
https://images.obi.pl/product/PL/thumb/338529_1.jpg|LUX Plandeka 120 g/m2 zielona 2 m x 3 m|25.99|20.01|4^5^6|materialy budowlane|akcesoria budowlane|4.4|119.0|25.99 zł / szt.|29
https://images.obi.pl/product/PL/thumb/285634_1.jpg|KRAUSE Drabina wielofunkcyjna Tribilo 3x14 MONTO|2199.0|1693.23|4^8|materialy budowlane|akcesoria budowlane|5.0|1.0|2 199.00 zł / szt.|30
https://images.obi.pl/product/PL/thumb/534437_1.jpg|Daniel Drabina rozstawna lakierowana DRL-6 Lux|189.0|145.53|3^6|materialy budowlane|akcesoria budowlane|5.0|1.0|189.00 zł / szt.|31
https://images.obi.pl/product/PL/thumb/691663_1.jpg|Skiva Taczka spawana SPC-T2 90 L|349.0|268.73|2^5^8|materialy budowlane|akcesoria budowlane|0.0|0.0|349.00 zł / szt.|32
https://images.obi.pl/product/PL/thumb/285635_2.jpg|KRAUSE Drabina wielofunkcyjna 3x7 CORDA|499.0|384.23|3^4^6|materialy budowlane|akcesoria budowlane|5.0|4.0|499.00 zł / szt.|33
https://images.obi.pl/product/PL/thumb/285637_1.jpg|KRAUSE Drabina wielofunkcyjna 3x11 CORDA|999.0|769.23|2^7^8|materialy budowlane|akcesoria budowlane|4.4|7.0|999.00 zł / szt.|34
https://images.obi.pl/product/PL/thumb/285636_1.jpg|KRAUSE Drabina wielofunkcyjna 3x9 CORDA|699.0|538.23|1^2^3|materialy budowlane|akcesoria budowlane|5.0|3.0|699.00 zł / szt.|35
https://images.obi.pl/product/PL/thumb/592888_2.jpg|Altrad Poland Betoniarka MIX-130/ŻKE 550 W|999.0|769.23|3^5^7|materialy budowlane|akcesoria budowlane|4.6|5.0|999.00 zł / szt.|36
https://images.obi.pl/product/PL/thumb/690060_1.jpg|Pianka Iozuplus izolacja termiczna 750 ml|47.99|36.95|1^2^6|materialy budowlane|akcesoria budowlane|0.0|0.0|63.99 zł / l|37
https://images.obi.pl/product/PL/thumb/158555_1.jpg|Soudal Pianka montażowa z aplikatorem Genius Gun 750 ml|26.99|20.78|4^9|materialy budowlane|akcesoria budowlane|4.2|5.0|35.99 zł / l|38
https://images.obi.pl/product/PL/thumb/590226_1.jpg|Altrad Betoniarka B1610 1000 W|1499.0|1154.23|3^6|materialy budowlane|akcesoria budowlane|4.0|2.0|1 499.00 zł / szt.|39
https://images.obi.pl/product/PL/thumb/553785_1.jpg|Rew-Ton Przęsło konstrukcyjne 1101 1 m|79.99|61.59|6^8|materialy budowlane|akcesoria budowlane|3.2|9.0|79.99 zł / szt.|40
https://images.obi.pl/product/PL/thumb/497831_1.jpg|LUX Plandeka 120 g/m2 biała, 3 m x 4 m|41.99|32.33|2^3^9|materialy budowlane|akcesoria budowlane|4.4|185.0|41.99 zł / szt.|41
https://images.obi.pl/product/PL/thumb/338529_1.jpg|LUX Plandeka 120 g/m2 zielona, 6 m x 8 m|155.0|119.35|2^7|materialy budowlane|akcesoria budowlane|4.4|118.0|82.99 zł / szt.|42
https://images.obi.pl/product/PL/thumb/338529_1.jpg|LUX Plandeka 120 g/m2 zielona, 6 m x 8 m|155.0|119.35|2^7|materialy budowlane|akcesoria budowlane|4.4|183.0|155.00 zł / szt.|43
https://images.obi.pl/product/PL/thumb/338529_1.jpg|LUX Plandeka 120 g/m2 zielona, 6 m x 8 m|155.0|119.35|2^7|materialy budowlane|akcesoria budowlane|4.4|184.0|31.99 zł / szt.|44
https://images.obi.pl/product/PL/thumb/338529_1.jpg|LUX Plandeka 120 g/m2 zielona, 6 m x 8 m|155.0|119.35|2^7|materialy budowlane|akcesoria budowlane|4.4|182.0|49.99 zł / szt.|45
https://images.obi.pl/product/PL/thumb/338529_1.jpg|LUX Plandeka 120 g/m2 zielona, 6 m x 8 m|155.0|119.35|2^7|materialy budowlane|akcesoria budowlane|4.4|119.0|25.99 zł / szt.|46
https://images.obi.pl/product/PL/thumb/696610_1.jpg|Skiva Drabina wielofunkcyjna 3 x 7 szczebli|399.0|307.23|6^7^9|materialy budowlane|akcesoria budowlane|0.0|0.0|0|47
https://images.obi.pl/product/PL/thumb/263568_1.jpg|Soudal Pianka montażowa z aplikatorem Genius Gun 300 ml|21.99|16.93|1^5^6|materialy budowlane|akcesoria budowlane|5.0|1.0|73.30 zł / l|48
https://images.obi.pl/product/PL/thumb/499870_1.jpg|Krause Mini rusztowanie Corda|999.0|769.23|1^8|materialy budowlane|akcesoria budowlane|5.0|2.0|999.00 zł / szt.|49
https://images.obi.pl/product/PL/thumb/605989_1.jpg|GruzBag Worek na gruz z usługą odbioru|309.0|237.93|1^4|materialy budowlane|akcesoria budowlane|4.3|3.0|309.00 zł / szt.|50
https://images.obi.pl/product/PL/thumb/158559_1.jpg|Soudal Płyn czyszczący Gun & Foam Cleaner 500 ml|29.99|23.09|2^6|materialy budowlane|akcesoria budowlane|5.0|1.0|59.98 zł / l|51
https://images.obi.pl/product/PL/thumb/170184_1.jpg|Rew-Ton Podest z blachy perforowanej 12-A/B|299.0|230.23|1^2^4|materialy budowlane|akcesoria budowlane|0.0|0.0|299.00 zł / szt.|52
https://images.obi.pl/product/PL/thumb/262127_1.jpg|Ceresit Piana Whiteteq pistoletowa, 750 ml|39.99|30.79|3^5^8|materialy budowlane|akcesoria budowlane|5.0|1.0|53.32 zł / l|53
https://images.obi.pl/product/PL/thumb/285639_1.jpg|KRAUSE Drabina wielofunkcyjna 3x7 CORDA TR z funkcją ustawienia na schodach|599.0|461.23|3^4|materialy budowlane|akcesoria budowlane|5.0|1.0|599.00 zł / szt.|54
https://images.obi.pl/product/PL/thumb/634620_1.jpg|Fola Membrana dachowa Strong 1,5 m x 50 m 150 g/m|10.48|8.07|2^7|materialy budowlane|akcesoria budowlane|0.0|0.0|6.99 zł / m2|55
https://images.obi.pl/product/PL/thumb/512858_1.jpg|Fola Worek na gruz 65 cm x 105 cm|7.99|6.15|5^9|materialy budowlane|akcesoria budowlane|4.0|2.0|7.99 zł / szt.|56
https://images.obi.pl/product/PL/thumb/564271_1.jpg|Kurtyna przeciwkurzowa 100 cm x 215 cm|40.99|31.56|1^3|materialy budowlane|akcesoria budowlane|5.0|1.0|40.99 zł / szt.|57
https://images.obi.pl/product/PL/thumb/632595_1.jpg|Fola Membrana dachowa Expert 1,5 m x 50 m 180 g / m2|499.0|384.23|2^3|materialy budowlane|akcesoria budowlane|0.0|0.0|6.66 zł / m2|58
https://images.obi.pl/product/PL/thumb/696563_1.jpg|Worek na gruz Big Bag 70 cm x 70 cm x 70 cm|44.99|34.64|2^3^4|materialy budowlane|akcesoria budowlane|0.0|0.0|0|59
https://images.obi.pl/product/PL/thumb/478287_1.jpg|Soudal Pianka montażowa z aplikatorem Genius Gun zimowa 750 ml|26.99|20.78|4^6|materialy budowlane|akcesoria budowlane|5.0|1.0|35.99 zł / l|60
https://images.obi.pl/product/PL/thumb/367383_1.jpg|Soudal Pianka montażowa wężykowa Soudafoam 2K 400 ml|45.99|35.41|2^9|materialy budowlane|akcesoria budowlane|0.0|0.0|114.98 zł / l|61
https://images.obi.pl/product/PL/thumb/628711_2.jpg|Fola Worek na gruz Big Bag 91 cm x 91 cm x 120 cm|69.99|53.89|5^7^8|materialy budowlane|akcesoria budowlane|5.0|2.0|69.99 zł / szt.|62
https://images.obi.pl/product/PL/thumb/300062_1.jpg|Altrad Poland Betoniarka MK-185 PROFI 145l korba|2699.0|2078.23|1^6|materialy budowlane|akcesoria budowlane|0.0|0.0|2 699.00 zł / szt.|63
https://images.obi.pl/product/PL/thumb/662276_1.jpg|Krause Drabina przegubowa z platformą Corda 4x3|899.0|692.23|2^5^8|materialy budowlane|akcesoria budowlane|0.0|0.0|899.00 zł / szt.|64
https://images.obi.pl/product/PL/thumb/421602_1.jpg|Soudal Pianka montażowa wężykowa Soudafoam EX-TRA 66 750 ml|34.99|26.94|4^5^7|materialy budowlane|akcesoria budowlane|5.0|1.0|46.66 zł / l|65
https://images.obi.pl/product/PL/thumb/640852_1.jpg|Soudal Piana montażowa z aplikatorem Genius Gun 500ml + 20% gratis|24.99|19.24|1^3^7|materialy budowlane|akcesoria budowlane|5.0|1.0|41.65 zł / l|66
https://images.obi.pl/product/PL/thumb/697834_1.jpg|Drabina drewniana 2 elementowa 2 x 5|399.0|307.23|3^5^8|materialy budowlane|akcesoria budowlane|0.0|0.0|0|67
https://images.obi.pl/product/PL/thumb/285632_1.jpg|KRAUSE Drabina wielofunkcyjna Tribilo 3x10 MONTO|1299.0|1000.23|5^8|materialy budowlane|akcesoria budowlane|5.0|2.0|1 299.00 zł / szt.|68
https://images.obi.pl/product/PL/thumb/285633_1.jpg|KRAUSE Drabina wielofunkcyjna Tribilo 3x12 MONTO|1649.0|1269.73|3^7|materialy budowlane|akcesoria budowlane|5.0|1.0|1 649.00 zł / szt.|69
https://images.obi.pl/product/PL/thumb/687605_1.jpg|Krause Aluminiowe rusztowanie robocze Clim Tec 1. kondygnacja 5 m|2199.0|1693.23|2^4^6|materialy budowlane|akcesoria budowlane|0.0|0.0|2 199.00 zł / szt.|70
https://images.obi.pl/product/PL/thumb/687606_1.jpg|Krause Aluminiowe rusztowanie robocze Clim Tec 2. kondygnacja 7 m|2599.0|2001.23|4^5^7|materialy budowlane|akcesoria budowlane|0.0|0.0|2 599.00 zł / szt.|71
https://images.obi.pl/product/PL/thumb/634622_1.jpg|Fola Membrana dachowa Expert 1,5 m x 50 m 180 g/m|12.73|9.8|1^3|materialy budowlane|akcesoria budowlane|0.0|0.0|8.49 zł / m2|72
https://images.obi.pl/product/PL/thumb/695536_1.jpg|Worek na gruz Big Bag 91 x 91 x 120 cm|69.99|53.89|5^7|materialy budowlane|akcesoria budowlane|0.0|0.0|0|73
https://images.obi.pl/product/PL/thumb/281773_1.jpg|Piana montażowa EXPERT LINE 750 ml|25.99|20.01|1^5|materialy budowlane|akcesoria budowlane|0.0|0.0|34.66 zł / l|74
https://images.obi.pl/product/PL/thumb/646954_1.jpg|Expert Line Piana pistoletowa ThermoFoam White 750 ml|34.99|26.94|2^3|materialy budowlane|akcesoria budowlane|0.0|0.0|46.66 zł / l|75
https://images.obi.pl/product/PL/thumb/603433_1.jpg|Soudal Pianka montażowa pistoletowa Soudafoam Maxi 870 ml|44.99|34.64|7^9|materialy budowlane|akcesoria budowlane|0.0|0.0|51.72 zł / l|76
https://images.obi.pl/product/PL/thumb/632593_1.jpg|Fola Membrana dachowa Strong 1,5 m x 50 m 150 g / m2|469.0|361.13|1^3^6|materialy budowlane|akcesoria budowlane|0.0|0.0|6.26 zł / m2|77
https://images.obi.pl/product/PL/thumb/252703_1.jpg|Unicell Sito 115 cm x 70 cm x 8 mm z podporą|199.0|153.23|4^5^9|materialy budowlane|akcesoria budowlane|0.0|0.0|199.00 zł / szt.|78
https://images.obi.pl/product/PL/thumb/339972_1.jpg|Soudal Flexifoam - pianka superelastyczna 750 ml|39.99|30.79|6^7|materialy budowlane|akcesoria budowlane|0.0|0.0|53|79
https://images.obi.pl/product/PL/thumb/158556_1.jpg|Soudal Pianka montażowa z aplikatorem Genius Gun 500 ml|24.99|19.24|5^6^7|materialy budowlane|akcesoria budowlane|4.5|2.0|49.98 zł / l|80
https://images.obi.pl/product/PL/thumb/505066_1.jpg|Patrol Group Miska na gips 500 ml|11.99|9.23|2^6^7|materialy budowlane|akcesoria budowlane|0.0|0.0|11.99 zł / szt.|81
https://images.obi.pl/product/PL/thumb/580590_1.jpg|Soudal Pianka Comfort Genius Gun montażowa 750 ml|39.99|30.79|2^4^5|materialy budowlane|akcesoria budowlane|0.0|0.0|53.32 zł / l|82
https://images.obi.pl/product/PL/thumb/696160_1.jpg|Soudal Piana ognioochronna Soudafoam pistolet 750 ml|129.0|99.33|3^4^7|materialy budowlane|akcesoria budowlane|0.0|0.0|172.00 zł / l|83
https://images.obi.pl/product/PL/thumb/367385_1.jpg|Soudal Pianka montażowa pistoletowa Soudafoam Low Expansion 750 ml|39.99|30.79|3^4|materialy budowlane|akcesoria budowlane|0.0|0.0|53.32 zł / l|84
https://images.obi.pl/product/PL/thumb/118250_2.jpg|Krause Rusztowanie bazowe Clim Tec|1799.0|1385.23|3^5^6|materialy budowlane|akcesoria budowlane|0.0|0.0|1 799.00 zł / szt.|85
https://images.obi.pl/product/PL/thumb/281732_1.jpg|Piana pistoletowa 65 PVC EXPERT LINE Professional 840 ml|39.99|30.79|1^4^8|materialy budowlane|akcesoria budowlane|0.0|0.0|47.61 zł / l|86
https://images.obi.pl/product/PL/thumb/300055_1.jpg|Altrad Poland Betoniarka BWE-200KJ 200l korba|4699.0|3618.23|2^4^8|materialy budowlane|akcesoria budowlane|0.0|0.0|4 699.00 zł / szt.|87
https://images.obi.pl/product/PL/thumb/697833_1.jpg|Folia żółta 1,2 m x 8 m|14.99|11.54|1^7|materialy budowlane|akcesoria budowlane|0.0|0.0|1.57 zł / m2|88
https://images.obi.pl/product/PL/thumb/478236_1.jpg|Soudal Ściereczki czyszczące SWIPEX XXL 80 sztuk|41.99|32.33|6^8|materialy budowlane|akcesoria budowlane|0.0|0.0|41.99 zł / szt.|89
https://images.obi.pl/product/PL/thumb/603438_1.jpg|Soudal Pianka montażowa pistoletowa Soudafoam 1K FR 750 ml|129.0|99.33|2^5^8|materialy budowlane|akcesoria budowlane|0.0|0.0|172.00 zł / l|90
https://images.obi.pl/product/PL/thumb/281772_1.jpg|Piana pistoletowa EXPERT LINE 750 ml|28.99|22.32|4^5^7|materialy budowlane|akcesoria budowlane|0.0|0.0|38.66 zł / l|91
https://images.obi.pl/product/PL/thumb/285642_1.jpg|KRAUSE Pomost roboczy 2x6 CORDA|799.0|615.23|3^4|materialy budowlane|akcesoria budowlane|0.0|0.0|799.00 zł / szt.|92
https://images.obi.pl/product/PL/thumb/696159_1.jpg|Soudal Piana ognioochronna Soudafoam 750 ml|129.0|99.33|6^9|materialy budowlane|akcesoria budowlane|0.0|0.0|172.00 zł / l|93
https://images.obi.pl/product/PL/thumb/544041_1.jpg|Soudal Ściereczki czyszczące SWIPEX XXL 20 sztuk|19.99|15.39|4^6^8|materialy budowlane|akcesoria budowlane|0.0|0.0|1.00 zł / szt.|94
https://images.obi.pl/product/PL/thumb/118253_1.jpg|Zestaw rolek jezdnych Krause ClimTec|599.0|461.23|3^6^7|materialy budowlane|akcesoria budowlane|0.0|0.0|599.00 zł / szt.|95
https://images.obi.pl/product/PL/thumb/158557_1.jpg|Soudal Pianka montażowa pistoletowa Soudafoam Classic 750 ml|32.99|25.4|4^8^9|materialy budowlane|akcesoria budowlane|3.5|2.0|43.99 zł / l|96
https://images.obi.pl/product/PL/thumb/512912_1.jpg|Bayersystem Drabina wielofunkcyjna BS-DW 3 x 11 szczebli|749.0|576.73|4^6|materialy budowlane|akcesoria budowlane|3.0|3.0|749.00 zł / opakowanie|97
https://images.obi.pl/product/PL/thumb/553457_1.jpg|CMI Pianka montażowa wężykowa zimowa 750 ml|19.99|15.39|2^6^9|materialy budowlane|akcesoria budowlane|3.0|1.0|26.66 zł / l|98
https://images.obi.pl/product/PL/thumb/444264_1.jpg|Patrol Group Kastra budowlana prostokątna 40 l|34.99|26.94|8^9|materialy budowlane|akcesoria budowlane|4.3|6.0|34.99 zł / szt.|99
https://images.obi.pl/product/PL/thumb/546987_1.jpg|CMI Pianka montażowa pistoletowa 750 ml|24.99|19.24|1^2|materialy budowlane|akcesoria budowlane|2.7|3.0|33.32 zł / l|100
https://images.obi.pl/product/PL/thumb/628418_1.jpg|Fola Folia budowlana atestowana czarna 0,30 mm|195.0|150.15|7^9|materialy budowlane|akcesoria budowlane|0.0|0.0|1.95 zł / m2|101
https://images.obi.pl/product/PL/thumb/628418_1.jpg|Fola Folia budowlana atestowana czarna 0,30 mm|195.0|150.15|7^9|materialy budowlane|akcesoria budowlane|1.0|1.0|2.28 zł / m2|102
https://images.obi.pl/product/PL/thumb/281771_1.jpg|Partner Fix Pianka montażowa 750 ml|18.99|14.62|2^5^7|materialy budowlane|akcesoria budowlane|2.5|4.0|25.32 zł / l|103
https://images.obi.pl/product/PL/thumb/444262_2.jpg|Patrol Group Wiadro budowlane bez lejka 12 l|6.99|5.38|3^6^7|materialy budowlane|akcesoria budowlane|5.0|1.0|6.99 zł / szt.|104
https://images.obi.pl/product/PL/thumb/444263_1.jpg|Patrol Group Wiadro budowlane z lejkiem 5 l|5.99|4.61|3^6^9|materialy budowlane|akcesoria budowlane|5.0|3.0|5.99 zł / szt.|105
https://images.obi.pl/product/PL/thumb/281731_1.jpg|Piana pistoletowa PARTNER FIX 700 ml|25.99|20.01|5^6^7|materialy budowlane|akcesoria budowlane|2.5|2.0|37.13 zł / l|106
https://images.obi.pl/product/PL/thumb/575000_2.jpg|Baumaster Klej do styropianu Styrofix 750 ml|35.99|27.71|1^7|materialy budowlane|akcesoria budowlane|3.7|3.0|47.99 zł / l|107
https://images.obi.pl/product/PL/thumb/444261_1.jpg|Patrol Group Wiadro budowlane z lejkiem 20 l|14.99|11.54|3^7|materialy budowlane|akcesoria budowlane|4.5|2.0|14.99 zł / szt.|108
https://images.obi.pl/product/PL/thumb/588605_1.jpg|Patrol Group Wiadro budowlane Profi bez lejka 20l|13.99|10.77|8^9|materialy budowlane|akcesoria budowlane|4.6|5.0|13.99 zł / szt.|109
https://images.obi.pl/product/PL/thumb/603436_1.jpg|Soudal Klej do styropianu Soudatherm Fasada 750 ml|46.99|36.18|1^6|materialy budowlane|akcesoria budowlane|4.0|1.0|62.66 zł / l|110
https://images.obi.pl/product/PL/thumb/444260_1.jpg|Patrol Group Wiadro budowlane z lejkiem 12 l|7.99|6.15|4^6|materialy budowlane|akcesoria budowlane|4.5|2.0|7.99 zł / szt.|111
https://images.obi.pl/product/PL/thumb/588604_1.jpg|Patrol Group Kastra budowlana okrągła 40 l|34.99|26.94|1^7|materialy budowlane|akcesoria budowlane|5.0|1.0|34.99 zł / szt.|112
https://images.obi.pl/product/PL/thumb/263567_1.jpg|Soudal Płyn czyszczący do pianki 150 ml|14.99|11.54|2^9|materialy budowlane|akcesoria budowlane|5.0|2.0|99.94 zł / l|113
https://images.obi.pl/product/PL/thumb/534640_1.jpg|Fola Folia budowlana atestowana czarna 0,15 mm|99.99|76.99|4^6^9|materialy budowlane|akcesoria budowlane|0.0|0.0|1.00 zł / m2|114
https://images.obi.pl/product/PL/thumb/534640_1.jpg|Fola Folia budowlana atestowana czarna 0,15 mm|99.99|76.99|4^6^9|materialy budowlane|akcesoria budowlane|3.0|1.0|1.29 zł / m2|115
https://images.obi.pl/product/PL/thumb/627006_1.jpg|Fola Folia do ochrony 200 czarna 0,06 mm|44.99|34.64|4^5^8|materialy budowlane|akcesoria budowlane|0.0|0.0|1.13 zł / m2|116
https://images.obi.pl/product/PL/thumb/627006_1.jpg|Fola Folia do ochrony 200 czarna 0,06 mm|44.99|34.64|4^5^8|materialy budowlane|akcesoria budowlane|0.0|0.0|0|117
https://images.obi.pl/product/PL/thumb/330765_1.jpg|Czyścik do pianek poliuretanowych 500 ml|27.99|21.55|1^2|materialy budowlane|akcesoria budowlane|0.0|0.0|55.98 zł / l|118
https://images.obi.pl/product/PL/thumb/546989_1.jpg|Soudal Preparat do usuwania pianki PU Remover 100 ml|37.99|29.25|3^5^6|materialy budowlane|akcesoria budowlane|5.0|1.0|379.90 zł / l|119
https://images.obi.pl/product/PL/thumb/662277_1.jpg|Platforma do drabiny Corda 4x3|58.97|45.41|8^9|materialy budowlane|akcesoria budowlane|0.0|0.0|58.97 zł / szt.|120
https://images.obi.pl/product/PL/thumb/564300_1.jpg|Rew-Ton Łącznik do rusztowania kolumnowego 1,6 m|69.99|53.89|3^6|materialy budowlane|akcesoria budowlane|0.0|0.0|69.99 zł / szt.|121
https://images.obi.pl/product/PL/thumb/607284_1.jpg|Fola Worek budowlany 70 l 5 sztuk|11.99|9.23|4^9|materialy budowlane|akcesoria budowlane|0.0|0.0|11.99 zł / szt.|122
https://images.obi.pl/product/PL/thumb/612149_1.jpg|Fola Worek budowlany czarny 160 l 5 sztuk|17.45|13.44|1^5^6|materialy budowlane|akcesoria budowlane|4.0|1.0|3.49 zł / szt.|123
https://images.obi.pl/product/PL/thumb/627006_1.jpg|Fola Folia do ochrony 200 czarna 0,08 mm 2 m x 50 m|79.99|61.59|1^8|materialy budowlane|akcesoria budowlane|0.0|0.0|1.13 zł / m2|124
https://images.obi.pl/product/PL/thumb/627006_1.jpg|Fola Folia do ochrony 200 czarna 0,08 mm 2 m x 50 m|79.99|61.59|1^8|materialy budowlane|akcesoria budowlane|0.0|0.0|0|125
https://images.obi.pl/product/PL/thumb/638139_1.jpg|Jan Niezbędny Worki budowlane 160l|28.99|22.32|1^2|materialy budowlane|akcesoria budowlane|5.0|1.0|2.42 zł / szt.|126
https://images.obi.pl/product/PL/thumb/697735_1.jpg|Stopa do stabilizacji Corda 50x20 mm|29.99|23.09|2^8^9|materialy budowlane|akcesoria budowlane|0.0|0.0|0|127
https://images.obi.pl/product/PL/thumb/564373_1.jpg|Soudal Aplikator do piany poliuretanowej 3 sztuki|6.87|5.29|4^7^8|materialy budowlane|akcesoria budowlane|0.0|0.0|2.29 zł / szt.|128
https://images.obi.pl/product/PL/thumb/564304_1.jpg|Rew-Ton Kółko do rusztowania kolumnowego|199.0|153.23|5^6^7|materialy budowlane|akcesoria budowlane|0.0|0.0|199.00 zł / szt.|129
https://images.obi.pl/product/PL/thumb/564303_1.jpg|Rew-Ton Łącznik do rusztowania kolumnowego 1 m|59.99|46.19|2^7|materialy budowlane|akcesoria budowlane|0.0|0.0|59.99 zł / szt.|130
https://images.obi.pl/product/PL/thumb/564302_1.jpg|Rew-Ton Ukośnik do rusztowania kolumnowego 1 m|79.99|61.59|7^9|materialy budowlane|akcesoria budowlane|0.0|0.0|79.99 zł / szt.|131
https://images.obi.pl/product/PL/thumb/564305_1.jpg|Rew-Ton Ukośnik do rusztowania kolumnowego 1,6 m|89.99|69.29|2^8|materialy budowlane|akcesoria budowlane|0.0|0.0|89.99 zł / szt.|132
https://images.obi.pl/product/PL/thumb/638138_1.jpg|Jan Niezbędny Worki budowlane 120l 15 stuk|29.99|23.09|1^4|materialy budowlane|akcesoria budowlane|0.0|0.0|2.00 zł / szt.|133
https://images.obi.pl/product/PL/thumb/638140_1.jpg|Jan Niezbędny Worki budowlane 240l|33.99|26.17|2^3^7|materialy budowlane|akcesoria budowlane|0.0|0.0|4.25 zł / szt.|134
https://images.obi.pl/product/PL/thumb/638141_1.jpg|Jan Niezbędny Worki budowlane 300l|34.99|26.94|3^5^9|materialy budowlane|akcesoria budowlane|0.0|0.0|5.84 zł / szt.|135
https://images.obi.pl/product/PL/thumb/638144_1.jpg|Jan Niezbędny Worki budowlane torba 60 l|23.99|18.47|4^8|materialy budowlane|akcesoria budowlane|0.0|0.0|2.40 zł / szt.|136
https://images.obi.pl/product/PL/thumb/638145_1.jpg|Jan Niezbędny Worki budowlane torba 90 l|29.99|23.09|6^7|materialy budowlane|akcesoria budowlane|0.0|0.0|3.00 zł / szt.|137
https://images.obi.pl/product/PL/thumb/315390_1.jpg|Krause Podpora do rusztowania ClimTec|499.0|384.23|5^9|materialy budowlane|akcesoria budowlane|0.0|0.0|499.00 zł / szt.|138
https://images.obi.pl/product/PL/thumb/687563_1.jpg|Baumaster Klej do styropianu Styrofix Aqua Graphite 750g|37.99|29.25|2^5|materialy budowlane|akcesoria budowlane|3.7|3.0|50.66 zł / kg|139
https://images.obi.pl/product/PL/thumb/534640_1.jpg|Fola Folia budowlana atestowana czarna 0,2 mm|129.0|99.33|1^3^4|materialy budowlane|akcesoria budowlane|0.0|0.0|1.00 zł / m2|140
https://images.obi.pl/product/PL/thumb/534640_1.jpg|Fola Folia budowlana atestowana czarna 0,2 mm|129.0|99.33|1^3^4|materialy budowlane|akcesoria budowlane|3.0|1.0|1.29 zł / m2|141
https://images.obi.pl/product/PL/thumb/634627_1.jpg|Fola Folia budowlana 0,15 mm 4 m x 8 m|44.99|34.64|1^7^8|materialy budowlane|akcesoria budowlane|3.0|1.0|1.41 zł / m2|142
https://images.obi.pl/product/PL/thumb/534642_1.jpg|Fola Folia do ochrony 200 czarna 0,06 mm|4.29|3.3|6^9|materialy budowlane|akcesoria budowlane|0.0|0.0|6.99 zł / opakowanie|143
https://images.obi.pl/product/PL/thumb/534642_1.jpg|Fola Folia do ochrony 200 czarna 0,06 mm|4.29|3.3|6^9|materialy budowlane|akcesoria budowlane|0.0|0.0|4.29 zł / opakowanie|144
https://images.obi.pl/product/PL/thumb/534642_1.jpg|Fola Folia do ochrony 300 czarna 0,12 mm|6.99|5.38|1^5|materialy budowlane|akcesoria budowlane|0.0|0.0|6.99 zł / opakowanie|145
https://images.obi.pl/product/PL/thumb/534642_1.jpg|Fola Folia do ochrony 300 czarna 0,12 mm|6.99|5.38|1^5|materialy budowlane|akcesoria budowlane|0.0|0.0|4.29 zł / opakowanie|146
https://images.obi.pl/product/PL/thumb/262116_1.jpg|Ceresit Piana Whiteteq z wężykiem, 750 ml|34.99|26.94|7^8|materialy budowlane|akcesoria budowlane|1.0|1.0|46.66 zł / l|147
https://images.obi.pl/product/PL/thumb/515894_1.jpg|Fola Folia remontowo-budowlana 3 m x 5 m|23.99|18.47|3^9|materialy budowlane|akcesoria budowlane|2.3|3.0|1.60 zł / m2|148
https://images.obi.pl/product/PL/thumb/631034_1.jpg|Soudal Pianka do kręgów Genius Gun 750 ml|36.99|28.48|2^5^8|materialy budowlane|akcesoria budowlane|2.0|1.0|49.32 zł / l|149
https://images.obi.pl/product/PL/thumb/628418_1.jpg|Fola Folia budowlana czarna 0,30 mm|109.0|83.93|3^4^9|materialy budowlane|akcesoria budowlane|0.0|0.0|1.95 zł / m2|150
https://images.obi.pl/product/PL/thumb/628418_1.jpg|Fola Folia budowlana czarna 0,30 mm|109.0|83.93|3^4^9|materialy budowlane|akcesoria budowlane|1.0|1.0|2.28 zł / m2|151
https://images.obi.pl/product/PL/thumb/564301_1.jpg|Rew-Ton Podstawka do rusztowania kolumnowego|59.99|46.19|3^5^8|materialy budowlane|akcesoria budowlane|1.0|1.0|59.99 zł / szt.|152
https://images.obi.pl/product/PL/thumb/612148_1.jpg|Fola Worek budowlany czarny 120 l 5 sztuk|14.95|11.51|2^3^7|materialy budowlane|akcesoria budowlane|1.0|1.0|2.99 zł / szt.|153
https://images.obi.pl/product/PL/thumb/638142_1.jpg|Jan Niezbędny Worki budowlane 120l 25 stuk|44.99|34.64|1^7|materialy budowlane|akcesoria budowlane|1.0|1.0|1.80 zł / szt.|154
https://images.obi.pl/product/PL/thumb/275542_1.jpg|Scala Rura drenarska DN100 dł. 50m|329.0|253.33|2^9|materialy budowlane|odprowadzenia wody i drenaz|5.0|3.0|6.58 zł / m|155
https://images.obi.pl/product/PL/thumb/275542_1.jpg|Scala Rura drenarska DN100 dł. 50m|329.0|253.33|2^9|materialy budowlane|odprowadzenia wody i drenaz|0.0|0.0|4.36 zł / m|156
https://images.obi.pl/product/PL/thumb/307920_1.jpg|Rura kanalizacyjna 160-500 mm|32.99|25.4|1^3|materialy budowlane|odprowadzenia wody i drenaz|5.0|1.0|65.98 zł / m|157
https://images.obi.pl/product/PL/thumb/312142_1.jpg|Rura kanalizacyjna śr. 11 cm dł. 50 cm|19.99|15.39|1^9|materialy budowlane|odprowadzenia wody i drenaz|4.3|4.0|39.98 zł / m|158
https://images.obi.pl/product/PL/thumb/662558_1.jpg|Oczyszczalnia ścieków 2000L|2898.0|2231.46|6^8|materialy budowlane|odprowadzenia wody i drenaz|0.0|0.0|0|159
https://images.obi.pl/product/PL/thumb/146666_1.jpg|Aco Wanna wycieraczki Vario 60 cm x 40 cm|159.0|122.43|2^6|materialy budowlane|odprowadzenia wody i drenaz|5.0|4.0|159.00 zł / szt.|160
https://images.obi.pl/product/PL/thumb/479953_1.jpg|Scala Rura drenarska DN100 20 m|199.0|153.23|2^3^6|materialy budowlane|odprowadzenia wody i drenaz|0.0|0.0|9.95 zł / m|161
https://images.obi.pl/product/PL/thumb/274854_1.jpg|ACO VARIO Mata wycieraczki 60x40, ryps czarny|329.0|253.33|6^8|materialy budowlane|odprowadzenia wody i drenaz|4.8|4.0|329.00 zł / szt.|162
https://images.obi.pl/product/PL/thumb/312147_1.jpg|Studzienka odwodnieniowa 200x200 mm|22.99|17.7|4^5^6|materialy budowlane|odprowadzenia wody i drenaz|0.0|0.0|22.99 zł / szt.|163
https://images.obi.pl/product/PL/thumb/337167_1.jpg|Scala Studnia rewizyjna 1,5x0,315 m z 3 wylotami fi 11 cm|229.0|176.33|2^7|materialy budowlane|odprowadzenia wody i drenaz|0.0|0.0|229.00 zł / szt.|164
https://images.obi.pl/product/PL/thumb/662559_1.jpg|Oczyszczalnia ścieków 3000L|4899.0|3772.23|1^8^9|materialy budowlane|odprowadzenia wody i drenaz|0.0|0.0|0|165
https://images.obi.pl/product/PL/thumb/337168_1.jpg|Scala Pokrywa studni PP klasa A15 fi 31,5 cm|42.99|33.1|3^6|materialy budowlane|odprowadzenia wody i drenaz|5.0|1.0|42.99 zł / szt.|166
https://images.obi.pl/product/PL/thumb/670486_1.jpg|Odpływ podłogowy regulowany prosty 100x100|53.99|41.57|3^6^8|materialy budowlane|odprowadzenia wody i drenaz|0.0|0.0|53.99 zł / szt.|167
https://images.obi.pl/product/PL/thumb/264812_1.jpg|ACO SELF 2.0 Kanał z rusztem, ocynk, 50 x 10 x 13 cm|51.99|40.03|1^3|materialy budowlane|odprowadzenia wody i drenaz|0.0|0.0|51.99 zł / szt.|168
https://images.obi.pl/product/PL/thumb/146675_1.jpg|ACO Ruszt wycieraczki Vario z wypełnieniem z ryflowanej gumy 60 cm x 40 cm|369.0|284.13|3^6|materialy budowlane|odprowadzenia wody i drenaz|5.0|1.0|369.00 zł / szt.|169
https://images.obi.pl/product/PL/thumb/307913_1.jpg|Mufa 110 mm|13.99|10.77|3^7^8|materialy budowlane|odprowadzenia wody i drenaz|0.0|0.0|13.99 zł / szt.|170
https://images.obi.pl/product/PL/thumb/275565_1.jpg|ACO Hexaline Kanał szczelinowy 1 m|79.99|61.59|2^4^7|materialy budowlane|odprowadzenia wody i drenaz|0.0|0.0|79.99 zł / m|171
https://images.obi.pl/product/PL/thumb/641763_1.jpg|Drewplast Redukcja drenarska 100/kanalizacja 110|17.99|13.85|2^9|materialy budowlane|odprowadzenia wody i drenaz|0.0|0.0|17.99 zł / szt.|172
https://images.obi.pl/product/PL/thumb/307926_1.jpg|Trójnik kanalizacji 160/110 mm 45 st.|56.99|43.88|1^6|materialy budowlane|odprowadzenia wody i drenaz|0.0|0.0|56.99 zł / szt.|173
https://images.obi.pl/product/PL/thumb/307922_1.jpg|Trójnik kanalizacji 110/110 mm 87 st.|24.99|19.24|4^5^7|materialy budowlane|odprowadzenia wody i drenaz|4.0|1.0|24.99 zł / szt.|174
https://images.obi.pl/product/PL/thumb/265411_1.jpg|Scala Mufa drenarska DN 100|6.99|5.38|4^5|materialy budowlane|odprowadzenia wody i drenaz|0.0|0.0|6.99 zł / szt.|175
https://images.obi.pl/product/PL/thumb/285705_1.jpg|Tycner Wpust kanalizacyjny w wyjściem prostym, 50 mm|24.99|19.24|5^6^7|materialy budowlane|odprowadzenia wody i drenaz|0.0|0.0|24.99 zł / szt.|176
https://images.obi.pl/product/PL/thumb/307827_1.jpg|Kolano kanalizacji 110 mm 15 st.|13.99|10.77|5^6|materialy budowlane|odprowadzenia wody i drenaz|5.0|1.0|13.99 zł / szt.|177
https://images.obi.pl/product/PL/thumb/307890_1.jpg|Kolano kanalizacji 160 mm 15 st.|31.99|24.63|3^7|materialy budowlane|odprowadzenia wody i drenaz|0.0|0.0|31.99 zł / szt.|178
https://images.obi.pl/product/PL/thumb/274855_1.jpg|ACO VARIO Mata wycieraczki 60x40, ryps szary|329.0|253.33|2^4^6|materialy budowlane|odprowadzenia wody i drenaz|4.8|4.0|329.00 zł / szt.|179
https://images.obi.pl/product/PL/thumb/265416_1.jpg|Scala Kolano drenarskie DN 80|9.96|7.67|2^3^5|materialy budowlane|odprowadzenia wody i drenaz|0.0|0.0|9.96 zł / szt.|180
https://images.obi.pl/product/PL/thumb/265421_1.jpg|Scala Trójnik drenarski DN 100-100|20.99|16.16|4^5|materialy budowlane|odprowadzenia wody i drenaz|0.0|0.0|12.96 zł / szt.|181
https://images.obi.pl/product/PL/thumb/265421_1.jpg|Scala Trójnik drenarski DN 100-100|20.99|16.16|4^5|materialy budowlane|odprowadzenia wody i drenaz|0.0|0.0|20.99 zł / szt.|182
https://images.obi.pl/product/PL/thumb/307826_1.jpg|Denko mufy 160mm|14.99|11.54|5^9|materialy budowlane|odprowadzenia wody i drenaz|0.0|0.0|14.99 zł / szt.|183
https://images.obi.pl/product/PL/thumb/307924_1.jpg|Trójnik kanalizacji 160/160 mm 45 st.|69.99|53.89|2^8|materialy budowlane|odprowadzenia wody i drenaz|0.0|0.0|69.99 zł / szt.|184
https://images.obi.pl/product/PL/thumb/307916_1.jpg|Rewizja kanalizacji zewnętrznej 110 mm|49.99|38.49|2^3^7|materialy budowlane|odprowadzenia wody i drenaz|0.0|0.0|49.99 zł / szt.|185
https://images.obi.pl/product/PL/thumb/670485_1.jpg|Odpływ podłogowy regulowany boczny 100x100|53.99|41.57|7^9|materialy budowlane|odprowadzenia wody i drenaz|0.0|0.0|53.99 zł / szt.|186
https://images.obi.pl/product/PL/thumb/467539_1.jpg|Aco Trójnik 80 mm|23.99|18.47|2^4^5|materialy budowlane|odprowadzenia wody i drenaz|0.0|0.0|23.99 zł / szt.|187
https://images.obi.pl/product/PL/thumb/265410_1.jpg|Scala Mufa drenarska DN 80|3.76|2.9|1^9|materialy budowlane|odprowadzenia wody i drenaz|0.0|0.0|3.76 zł / szt.|188
https://images.obi.pl/product/PL/thumb/265414_1.jpg|Scala Zaślepka drenarska DN 100|8.99|6.92|8^9|materialy budowlane|odprowadzenia wody i drenaz|0.0|0.0|8.99 zł / szt.|189
https://images.obi.pl/product/PL/thumb/265417_1.jpg|Scala Kolano drenarskie DN 100|26.99|20.78|1^9|materialy budowlane|odprowadzenia wody i drenaz|0.0|0.0|26.99 zł / szt.|190
https://images.obi.pl/product/PL/thumb/285728_1.jpg|Tycner Wpust kanalizacyjny z wyjściem bocznym 50 mm|24.99|19.24|1^3^8|materialy budowlane|odprowadzenia wody i drenaz|0.0|0.0|24.99 zł / szt.|191
https://images.obi.pl/product/PL/thumb/280987_1.jpg|Kapsułki Sanitar Active - 30 szt.|59.99|46.19|4^5|materialy budowlane|odprowadzenia wody i drenaz|0.0|0.0|2.00 zł / szt.|192
https://images.obi.pl/product/PL/thumb/264813_1.jpg|ACO SELF 2.0 Skrzynka odpływowa z rusztem, ocynk, 50 x 13 x 30 cm|289.0|222.53|2^7|materialy budowlane|odprowadzenia wody i drenaz|0.0|0.0|289.00 zł / szt.|193
https://images.obi.pl/product/PL/thumb/312153_1.jpg|Przedłużenie studzienki 200x200 mm|17.99|13.85|7^8|materialy budowlane|odprowadzenia wody i drenaz|0.0|0.0|17.99 zł / szt.|194
https://images.obi.pl/product/PL/thumb/146669_1.jpg|ACO Ruszt wycieraczki Vario ocynkowany 60 cm x 40 cm|119.0|91.63|1^4|materialy budowlane|odprowadzenia wody i drenaz|5.0|4.0|119.00 zł / szt.|195
https://images.obi.pl/product/PL/thumb/265413_1.jpg|Scala Zaślepka drenarska DN 80|5.46|4.2|6^7|materialy budowlane|odprowadzenia wody i drenaz|0.0|0.0|5.46 zł / szt.|196
https://images.obi.pl/product/PL/thumb/265421_1.jpg|Scala Trójnik drenarski DN 80-80|12.96|9.98|3^7^9|materialy budowlane|odprowadzenia wody i drenaz|0.0|0.0|12.96 zł / szt.|197
https://images.obi.pl/product/PL/thumb/265421_1.jpg|Scala Trójnik drenarski DN 80-80|12.96|9.98|3^7^9|materialy budowlane|odprowadzenia wody i drenaz|0.0|0.0|20.99 zł / szt.|198
https://images.obi.pl/product/PL/thumb/264814_1.jpg|ACO SELF 2.0 Ścianka czołowa pełna, 5 x 13 x 10 cm|13.99|10.77|5^6^9|materialy budowlane|odprowadzenia wody i drenaz|0.0|0.0|13.99 zł / szt.|199
https://images.obi.pl/product/PL/thumb/264818_1.jpg|ACO EUROMINI Ścianka czołowa z króćcem DN50, 20 x 13 x 10 cm|34.99|26.94|3^4^5|materialy budowlane|odprowadzenia wody i drenaz|0.0|0.0|34.99 zł / szt.|200
https://images.obi.pl/product/PL/thumb/264817_1.jpg|ACO EUROMINI Ścianka czołowa pełna, 5 x 13 x 10 cm|11.99|9.23|4^9|materialy budowlane|odprowadzenia wody i drenaz|0.0|0.0|11.99 zł / szt.|201
https://images.obi.pl/product/PL/thumb/264815_1.jpg|ACO SELF 2.0 Ścianka czołowa z króćcem DN100, 20 x 13 x 10 cm|36.99|28.48|3^4^8|materialy budowlane|odprowadzenia wody i drenaz|0.0|0.0|36.99 zł / szt.|202
https://images.obi.pl/product/PL/thumb/149119_1.jpg|Gutta Izolacja pozioma Guttabau 25 cm x 25 m|24.99|19.24|1^2|materialy budowlane|odprowadzenia wody i drenaz|3.5|2.0|24.99 zł / szt.|203
https://images.obi.pl/product/PL/thumb/527852_1.jpg|Fola Geowłóknina 1 m x 10 m|59.99|46.19|1^5|materialy budowlane|odprowadzenia wody i drenaz|3.0|1.0|6.00 zł / m2|204
https://images.obi.pl/product/PL/thumb/282580_1.jpg|Drewplast Rura drenarska z geowłókniną SF27 DN 80 50 mb|398.0|306.46|3^4^9|materialy budowlane|odprowadzenia wody i drenaz|0.0|0.0|12.58 zł / m|205
https://images.obi.pl/product/PL/thumb/264816_1.jpg|ACO EUROMINI Kanał z rusztem, ocynk, 100 x 13 x 6 cm|49.99|38.49|5^6^7|materialy budowlane|odprowadzenia wody i drenaz|3.0|2.0|49.99 zł / szt.|206
https://images.obi.pl/product/PL/thumb/275542_1.jpg|Scala Rura drenarska DN80 dł. 50m|218.0|167.86|5^6|materialy budowlane|odprowadzenia wody i drenaz|5.0|3.0|6.58 zł / m|207
https://images.obi.pl/product/PL/thumb/275542_1.jpg|Scala Rura drenarska DN80 dł. 50m|218.0|167.86|5^6|materialy budowlane|odprowadzenia wody i drenaz|0.0|0.0|4.36 zł / m|208
https://images.obi.pl/product/PL/thumb/307915_1.jpg|Redukcja kanalizacji 160/110 mm|24.99|19.24|1^8|materialy budowlane|odprowadzenia wody i drenaz|3.0|1.0|24.99 zł / szt.|209
https://images.obi.pl/product/PL/thumb/595223_1.jpg|Aco Kanał z rusztem plastikowym 100 cm do systemu Hexaline 2.0|44.99|34.64|4^5^7|materialy budowlane|odprowadzenia wody i drenaz|0.0|0.0|44.99 zł / szt.|210
https://images.obi.pl/product/PL/thumb/595225_1.jpg|Aco Kanał z rusztem ocynkowanym 100 cm do systemu Hexaline 2.0|57.99|44.65|3^5^7|materialy budowlane|odprowadzenia wody i drenaz|4.8|51.0|57.99 zł / szt.|211
https://images.obi.pl/product/PL/thumb/595224_1.jpg|Aco Zestaw akcesoriów do systemu Hexaline 2.0 czarny|31.99|24.63|3^8|materialy budowlane|odprowadzenia wody i drenaz|4.8|14.0|31.99 zł / szt.|212
https://images.obi.pl/product/PL/thumb/320360_1.jpg|4IQ Pokrywa okrągła do szamba czarna 74 x 7,4 cm bez klucza|169.0|130.13|2^3|materialy budowlane|odprowadzenia wody i drenaz|0.0|0.0|0|213
https://images.obi.pl/product/PL/thumb/312149_1.jpg|Kratka do studzienki 200x200 mm|18.99|14.62|3^9|materialy budowlane|odprowadzenia wody i drenaz|0.0|0.0|18.99 zł / szt.|214
https://images.obi.pl/product/PL/thumb/295637_1.jpg|Biologiczny preparat do szamb i przydomowych oczyszczalni ścieków 1 kg|54.99|42.34|3^6|materialy budowlane|odprowadzenia wody i drenaz|5.0|1.0|54.99 zł / kg|215
https://images.obi.pl/product/PL/thumb/445333_1.jpg|Aquafor Preparat do szamb i oczyszczalni Biosanit 500 g|40.99|31.56|2^8|materialy budowlane|odprowadzenia wody i drenaz|4.3|4.0|81.98 zł / kg|216
https://images.obi.pl/product/PL/thumb/595222_1.jpg|Aco Narożnik czarny 12,5 cm do systemu Hexaline 2.0|62.99|48.5|6^7^8|materialy budowlane|odprowadzenia wody i drenaz|4.6|5.0|62.99 zł / szt.|217
https://images.obi.pl/product/PL/thumb/146665_1.jpg|Aco Nadstawka wpustu ogrodowego do systemy ACO Self|119.0|91.63|1^5^9|materialy budowlane|odprowadzenia wody i drenaz|0.0|0.0|119.00 zł / szt.|218
https://images.obi.pl/product/PL/thumb/146686_1.jpg|Aco Przyłącze z syfonem do systemu ACO Self Mini|34.99|26.94|5^9|materialy budowlane|odprowadzenia wody i drenaz|0.0|0.0|34.99 zł / szt.|219
https://images.obi.pl/product/PL/thumb/242750_1.jpg|Ultrament Preparat do iniekcji Suchy Mur 5 kg|139.0|107.03|5^8^9|materialy budowlane|odprowadzenia wody i drenaz|0.0|0.0|27.80 zł / kg|220
https://images.obi.pl/product/PL/thumb/242751_1.jpg|Ultrament Preparat do iniekcji Suchy Mur 30 kg|429.0|330.33|3^9|materialy budowlane|odprowadzenia wody i drenaz|4.0|1.0|14.30 zł / kg|221
https://images.obi.pl/product/PL/thumb/295638_1.jpg|Biologiczny preparat do szamb i przydomowych oczyszczalni ścieków 25 g|3.99|3.07|3^7^9|materialy budowlane|odprowadzenia wody i drenaz|5.0|1.0|15.96 zł / 100 gr|222
https://images.obi.pl/product/PL/thumb/650617_1.jpg|Baumaster Tynk mozaikowy kolor BM122 18kg|68.98|53.11|5^7|tynk zaprawa i cement|tynki|4.4|9.0|3.84 zł / kg|223
https://images.obi.pl/product/PL/thumb/500267_2.jpg|Knauf Ręczny tynk gipsowy Goldband 25 kg|25.95|19.98|1^5|tynk zaprawa i cement|tynki|4.8|14.0|1.08 zł / kg|224
https://images.obi.pl/product/PL/thumb/563453_3.jpg|Baumaster Tynk mozaikowy kolor BM122 15kg|109.0|83.93|1^4|tynk zaprawa i cement|tynki|5.0|1.0|7.27 zł / kg|225
https://images.obi.pl/product/PL/thumb/540328_1.jpg|Knauf Maszynowy tynk gipsowy MP 75 25 kg|18.99|14.62|2^3|tynk zaprawa i cement|tynki|4.7|3.0|0.72 zł / kg|226
https://images.obi.pl/product/PL/thumb/687882_1.jpg|Baumaster Tynk mozaikowy kolor BM 546 15kg|109.0|83.93|7^8|tynk zaprawa i cement|tynki|0.0|0.0|7.27 zł / kg|227
https://images.obi.pl/product/PL/thumb/272540_1.jpg|Kreisel Tynk silikatowo-silikonowy dekoracyjny TS07,25 kg|169.0|130.13|3^6^8|tynk zaprawa i cement|tynki|0.0|0.0|6.76 zł / kg|228
https://images.obi.pl/product/PL/thumb/687885_1.jpg|Baumaster Tynk mozaikowy kolor BM 551 15kg|109.0|83.93|2^7|tynk zaprawa i cement|tynki|0.0|0.0|7.27 zł / kg|229
https://images.obi.pl/product/PL/thumb/563433_2.jpg|Baumaster Tynk mozaikowy kolor BM534 15kg|109.0|83.93|3^6^8|tynk zaprawa i cement|tynki|4.4|9.0|7.27 zł / kg|230
https://images.obi.pl/product/PL/thumb/265094_3.jpg|Kreisel SISITYNK TS05 25 Tynk silikatowo-silikonowy|169.0|130.13|4^5^6|tynk zaprawa i cement|tynki|5.0|1.0|6.76 zł / kg|231
https://images.obi.pl/product/PL/thumb/295226_1.jpg|Kreisel Tynk mineralny Poztynk SZ 062 biały baranek 2 mm 25 kg|39.99|30.79|1^6^8|tynk zaprawa i cement|tynki|5.0|2.0|1.60 zł / kg|232
https://images.obi.pl/product/PL/thumb/507124_3.jpg|Cekol Tynk cementowo-wapienny ZT-02 25 kg|1.32|1.02|3^4|tynk zaprawa i cement|tynki|0.0|0.0|32.99 zł / opakowanie|233
https://images.obi.pl/product/PL/thumb/563454_2.jpg|Baumaster Tynk mozaikowy kolor BM537 15kg|109.0|83.93|3^6|tynk zaprawa i cement|tynki|4.4|9.0|7.27 zł / kg|234
https://images.obi.pl/product/PL/thumb/144830_1.jpg|Knauf Ręczny tynk gipsowy Goldband 10 kg|21.99|16.93|1^5^6|tynk zaprawa i cement|tynki|4.7|54.0|2.20 zł / kg|235
https://images.obi.pl/product/PL/thumb/265817_1.jpg|Podkład mozaikowy pod tynki strukturalne BAUMASTER 16 kg|99.99|76.99|2^7|tynk zaprawa i cement|tynki|5.0|1.0|6.25 zł / kg|236
https://images.obi.pl/product/PL/thumb/535258_1.jpg|Knauf Maszynowy tynk gipsowy MP 75 Leicht 25 kg|20.99|16.16|4^6^7|tynk zaprawa i cement|tynki|4.3|3.0|0|237
https://images.obi.pl/product/PL/thumb/687884_1.jpg|Baumaster Tynk mozaikowy kolor BM 549 15kg|109.0|83.93|2^3^8|tynk zaprawa i cement|tynki|0.0|0.0|7.27 zł / kg|238
https://images.obi.pl/product/PL/thumb/687883_1.jpg|Baumaster Tynk mozaikowy kolor BM 548 15kg|109.0|83.93|3^5|tynk zaprawa i cement|tynki|0.0|0.0|7.27 zł / kg|239
https://images.obi.pl/product/PL/thumb/500266_1.jpg|Knauf Ręczny tynk gipsowy Rotband 25 kg|32.98|25.39|3^6|tynk zaprawa i cement|tynki|4.0|2.0|1.32 zł / kg|240
https://images.obi.pl/product/PL/thumb/665216_1.jpg|Knauf Ręczny tynk gipsowy Goldband 5 kg|11.99|9.23|3^5^8|tynk zaprawa i cement|tynki|0.0|0.0|2.40 zł / kg|241
https://images.obi.pl/product/PL/thumb/266763_1.jpg|Kreisel Podkład tynkarski Tynkolit-T 330, 20 kg|129.0|99.33|1^4|tynk zaprawa i cement|tynki|4.8|4.0|6.45 zł / kg|242
https://images.obi.pl/product/PL/thumb/692438_1.jpg|Kreisel Tynk mineralny Poztynk 062 biały baranek 1,5 mm 25 kg|44.99|34.64|1^3^5|tynk zaprawa i cement|tynki|0.0|0.0|1.80 zł / kg|243
https://images.obi.pl/product/PL/thumb/265090_1.jpg|Kreisel SISITYNK TS01 25 Tynk silikatowo-silikonowy|169.0|130.13|3^5|tynk zaprawa i cement|tynki|0.0|0.0|6.76 zł / kg|244
https://images.obi.pl/product/PL/thumb/658327_1.jpg|Kreisel ECO TYNK baranek biały 25 kg|169.0|130.13|4^6^8|tynk zaprawa i cement|tynki|0.0|0.0|6.76 zł / kg|245
https://images.obi.pl/product/PL/thumb/685447_1.jpg|Baumaster Tynk mozaikowy kolor BM537 5kg|55.99|43.11|2^6^9|tynk zaprawa i cement|tynki|4.4|9.0|11.20 zł / kg|246
https://images.obi.pl/product/PL/thumb/685447_1.jpg|Baumaster Tynk mozaikowy kolor BM537 5kg|55.99|43.11|2^6^9|tynk zaprawa i cement|tynki|4.4|9.0|11.20 zł / kg|247
https://images.obi.pl/product/PL/thumb/685447_1.jpg|Baumaster Tynk mozaikowy kolor BM537 5kg|55.99|43.11|2^6^9|tynk zaprawa i cement|tynki|4.4|9.0|11.20 zł / kg|248
https://images.obi.pl/product/PL/thumb/685447_1.jpg|Baumaster Tynk mozaikowy kolor BM537 5kg|55.99|43.11|2^6^9|tynk zaprawa i cement|tynki|4.4|9.0|11.20 zł / kg|249
https://images.obi.pl/product/PL/thumb/685447_1.jpg|Baumaster Tynk mozaikowy kolor BM537 5kg|55.99|43.11|2^6^9|tynk zaprawa i cement|tynki|4.4|9.0|11.20 zł / kg|250
https://images.obi.pl/product/PL/thumb/690247_1.jpg|Baumaster Tynk mozaikowy kolor BM 546 5 kg|55.99|43.11|1^5|tynk zaprawa i cement|tynki|0.0|0.0|11.20 zł / kg|251
https://images.obi.pl/product/PL/thumb/563466_2.jpg|Baumaster Tynk mozaikowy kolor BM535 15kg|109.0|83.93|1^9|tynk zaprawa i cement|tynki|5.0|1.0|7.27 zł / kg|252
https://images.obi.pl/product/PL/thumb/265095_1.jpg|Kreisel SISITYNK TS06 25 Tynk silikatowo-silikonowy|169.0|130.13|5^9|tynk zaprawa i cement|tynki|0.0|0.0|6.76 zł / kg|253
https://images.obi.pl/product/PL/thumb/687886_1.jpg|Baumaster Tynk mozaikowy kolor BM 553 15kg|109.0|83.93|3^8|tynk zaprawa i cement|tynki|0.0|0.0|7.27 zł / kg|254
https://images.obi.pl/product/PL/thumb/200012_1.jpg|Kreisel Podkład tynkarski Tynkolit-T 330 biały 7 kg|54.99|42.34|5^8^9|tynk zaprawa i cement|tynki|0.0|0.0|7.86 zł / kg|255
https://images.obi.pl/product/PL/thumb/265091_1.jpg|Kreisel SISITYNK TS02 25 Tynk silikatowo-silikonowy|169.0|130.13|2^3^8|tynk zaprawa i cement|tynki|0.0|0.0|6.76 zł / kg|256
https://images.obi.pl/product/PL/thumb/265092_1.jpg|Kreisel SISITYNK TS03 25 Tynk silikatowo-silikonowy|169.0|130.13|1^8|tynk zaprawa i cement|tynki|0.0|0.0|6.76 zł / kg|257
https://images.obi.pl/product/PL/thumb/685447_1.jpg|Baumaster Tynk mozaikowy kolor BM535 5kg|55.99|43.11|2^6|tynk zaprawa i cement|tynki|4.4|9.0|11.20 zł / kg|258
https://images.obi.pl/product/PL/thumb/685447_1.jpg|Baumaster Tynk mozaikowy kolor BM535 5kg|55.99|43.11|2^6|tynk zaprawa i cement|tynki|4.4|9.0|11.20 zł / kg|259
https://images.obi.pl/product/PL/thumb/685447_1.jpg|Baumaster Tynk mozaikowy kolor BM535 5kg|55.99|43.11|2^6|tynk zaprawa i cement|tynki|4.4|9.0|11.20 zł / kg|260
https://images.obi.pl/product/PL/thumb/685447_1.jpg|Baumaster Tynk mozaikowy kolor BM535 5kg|55.99|43.11|2^6|tynk zaprawa i cement|tynki|4.4|9.0|11.20 zł / kg|261
https://images.obi.pl/product/PL/thumb/685447_1.jpg|Baumaster Tynk mozaikowy kolor BM535 5kg|55.99|43.11|2^6|tynk zaprawa i cement|tynki|4.4|9.0|11.20 zł / kg|262
https://images.obi.pl/product/PL/thumb/265093_1.jpg|Kreisel SISITYNK TS04 25 Tynk silikatowo-silikonowy|169.0|130.13|1^7^8|tynk zaprawa i cement|tynki|0.0|0.0|6.76 zł / kg|263
https://images.obi.pl/product/PL/thumb/685447_1.jpg|Baumaster Tynk mozaikowy kolor BM545 5kg|55.99|43.11|2^3^9|tynk zaprawa i cement|tynki|4.4|9.0|11.20 zł / kg|264
https://images.obi.pl/product/PL/thumb/685447_1.jpg|Baumaster Tynk mozaikowy kolor BM545 5kg|55.99|43.11|2^3^9|tynk zaprawa i cement|tynki|4.4|9.0|11.20 zł / kg|265
https://images.obi.pl/product/PL/thumb/685447_1.jpg|Baumaster Tynk mozaikowy kolor BM545 5kg|55.99|43.11|2^3^9|tynk zaprawa i cement|tynki|4.4|9.0|11.20 zł / kg|266
https://images.obi.pl/product/PL/thumb/685447_1.jpg|Baumaster Tynk mozaikowy kolor BM545 5kg|55.99|43.11|2^3^9|tynk zaprawa i cement|tynki|4.4|9.0|11.20 zł / kg|267
https://images.obi.pl/product/PL/thumb/685447_1.jpg|Baumaster Tynk mozaikowy kolor BM545 5kg|55.99|43.11|2^3^9|tynk zaprawa i cement|tynki|4.4|9.0|11.20 zł / kg|268
https://images.obi.pl/product/PL/thumb/662857_1.jpg|Knauf Ręczny tynk gipsowy Rotband 5 kg|13.99|10.77|4^6^8|tynk zaprawa i cement|tynki|5.0|1.0|2.80 zł / szt.|269
https://images.obi.pl/product/PL/thumb/295227_1.jpg|Kreisel Tynk mineralny Poztynk SZ 061 biały drapany 2 mm 25 kg|41.99|32.33|1^3^4|tynk zaprawa i cement|tynki|0.0|0.0|1.68 zł / kg|270
https://images.obi.pl/product/PL/thumb/144827_1.jpg|Knauf Ręczny tynk gipsowy Rotband 10 kg|25.99|20.01|3^8|tynk zaprawa i cement|tynki|4.8|153.0|2.60 zł / kg|271
https://images.obi.pl/product/PL/thumb/685447_1.jpg|Baumaster Tynk mozaikowy kolor BM534 5kg|55.99|43.11|1^2^7|tynk zaprawa i cement|tynki|4.4|9.0|11.20 zł / kg|272
https://images.obi.pl/product/PL/thumb/685447_1.jpg|Baumaster Tynk mozaikowy kolor BM534 5kg|55.99|43.11|1^2^7|tynk zaprawa i cement|tynki|4.4|9.0|11.20 zł / kg|273
https://images.obi.pl/product/PL/thumb/685447_1.jpg|Baumaster Tynk mozaikowy kolor BM534 5kg|55.99|43.11|1^2^7|tynk zaprawa i cement|tynki|4.4|9.0|11.20 zł / kg|274
https://images.obi.pl/product/PL/thumb/685447_1.jpg|Baumaster Tynk mozaikowy kolor BM534 5kg|55.99|43.11|1^2^7|tynk zaprawa i cement|tynki|4.4|9.0|11.20 zł / kg|275
https://images.obi.pl/product/PL/thumb/685447_1.jpg|Baumaster Tynk mozaikowy kolor BM534 5kg|55.99|43.11|1^2^7|tynk zaprawa i cement|tynki|4.4|9.0|11.20 zł / kg|276
https://images.obi.pl/product/PL/thumb/685447_1.jpg|Baumaster Tynk mozaikowy kolor BM122 5kg|55.99|43.11|2^3^8|tynk zaprawa i cement|tynki|4.4|9.0|11.20 zł / kg|277
https://images.obi.pl/product/PL/thumb/685447_1.jpg|Baumaster Tynk mozaikowy kolor BM122 5kg|55.99|43.11|2^3^8|tynk zaprawa i cement|tynki|4.4|9.0|11.20 zł / kg|278
https://images.obi.pl/product/PL/thumb/685447_1.jpg|Baumaster Tynk mozaikowy kolor BM122 5kg|55.99|43.11|2^3^8|tynk zaprawa i cement|tynki|4.4|9.0|11.20 zł / kg|279
https://images.obi.pl/product/PL/thumb/685447_1.jpg|Baumaster Tynk mozaikowy kolor BM122 5kg|55.99|43.11|2^3^8|tynk zaprawa i cement|tynki|4.4|9.0|11.20 zł / kg|280
https://images.obi.pl/product/PL/thumb/685447_1.jpg|Baumaster Tynk mozaikowy kolor BM122 5kg|55.99|43.11|2^3^8|tynk zaprawa i cement|tynki|4.4|9.0|11.20 zł / kg|281
https://images.obi.pl/product/PL/thumb/563410_1.jpg|Baumaster Tynk mozaikowy kolor BM545 15kg|109.0|83.93|2^5^8|tynk zaprawa i cement|tynki|5.0|2.0|7.27 zł / kg|282
https://images.obi.pl/product/PL/thumb/619799_1.jpg|Atlas Podkładowa masa tynkarska Cerplast 25 kg|199.0|153.23|1^3|tynk zaprawa i cement|tynki|0.0|0.0|7.96 zł / kg|283
https://images.obi.pl/product/PL/thumb/528831_1.jpg|Atlas Podkładowa masa tynkarska Cerplast 10 kg|97.99|75.45|1^4^7|tynk zaprawa i cement|tynki|0.0|0.0|9.80 zł / kg|284
https://images.obi.pl/product/PL/thumb/619797_1.jpg|Atlas Podkładowa masa tynkarska Cerplast 15 kg|129.0|99.33|6^8|tynk zaprawa i cement|tynki|0.0|0.0|8.60 zł / kg|285
https://images.obi.pl/product/PL/thumb/469985_1.jpg|Cekol Preparat do impregnacji tynku dekoracyjnego PI-01 1 l|17.96|13.83|1^3^8|tynk zaprawa i cement|tynki|0.0|0.0|17.96 zł / l|286
https://images.obi.pl/product/PL/thumb/563464_2.jpg|Baumaster Tynk mozaikowy kolor BM501 15kg|86.98|66.97|4^8|tynk zaprawa i cement|tynki|1.0|1.0|5.80 zł / kg|287
https://images.obi.pl/product/PL/thumb/637703_1.jpg|Cement Classic Monolit 25 kg|10.99|8.46|3^6|tynk zaprawa i cement|cement i wapno|5.0|2.0|0.44 zł / kg|288
https://images.obi.pl/product/PL/thumb/586495_1.jpg|Wapno hydratyzowane Natura/Classic 20 kg|33.98|26.16|4^9|tynk zaprawa i cement|cement i wapno|5.0|2.0|1.70 zł / kg|289
https://images.obi.pl/product/PL/thumb/307970_1.jpg|Knauf F+F Cement biały 1,5kg|12.99|10.0|7^8^9|tynk zaprawa i cement|cement i wapno|0.0|0.0|8.66 zł / kg|290
https://images.obi.pl/product/PL/thumb/307972_1.jpg|Knauf F+F Cement szybkowiążący 1,5kg|20.99|16.16|4^7^8|tynk zaprawa i cement|cement i wapno|5.0|1.0|14.00 zł / kg|291
https://images.obi.pl/product/PL/thumb/236966_1.jpg|Ceresit Zaprawa szybkowiążąca CX5 5 kg|30.99|23.86|1^2^5|tynk zaprawa i cement|cement i wapno|5.0|1.0|6.20 zł / kg|292
https://images.obi.pl/product/PL/thumb/563306_1.jpg|Mapei Zaprawa montażowa Lampocem 5 kg|23.99|18.47|4^7^9|tynk zaprawa i cement|cement i wapno|0.0|0.0|4.80 zł / kg|293
https://images.obi.pl/product/PL/thumb/640042_1.jpg|Wapno hydratyzowane białe 2 kg|15.99|12.31|2^3^4|tynk zaprawa i cement|cement i wapno|0.0|0.0|8.00 zł / kg|294
https://images.obi.pl/product/PL/thumb/236967_1.jpg|Ceresit Zaprawa szybkowiążąca CX5 25 kg|109.0|83.93|1^5|tynk zaprawa i cement|cement i wapno|5.0|1.0|4.36 zł / kg|295
https://images.obi.pl/product/PL/thumb/612560_1.jpg|Primacol Plastyfikator zimowy Flux-ZM 5 l|45.99|35.41|6^7|tynk zaprawa i cement|cement i wapno|5.0|1.0|9.20 zł / l|296
https://images.obi.pl/product/PL/thumb/612559_1.jpg|Primacol Plastyfikator zimowy Flux-ZM 1 l|22.99|17.7|2^4^9|tynk zaprawa i cement|cement i wapno|0.0|0.0|22.99 zł / l|297
https://images.obi.pl/product/PL/thumb/563889_1.jpg|Primacol Plastyfikator do zapraw Fast-mix DH 16 g|1.99|1.53|1^6^9|tynk zaprawa i cement|cement i wapno|0.0|0.0|1.99 zł / szt.|298
https://images.obi.pl/product/PL/thumb/612561_1.jpg|Primacol Mikrozbrojenia do betonu 150 g|12.99|10.0|2^3|tynk zaprawa i cement|cement i wapno|0.0|0.0|86.60 zł / kg|299
https://images.obi.pl/product/PL/thumb/612562_1.jpg|Primacol Mikrozbrojenia do betonu 600 g|33.99|26.17|1^2^9|tynk zaprawa i cement|cement i wapno|5.0|1.0|56.65 zł / kg|300
https://images.obi.pl/product/PL/thumb/612563_1.jpg|Primacol Domieszka do zapraw Tynkolit 1 l|14.99|11.54|1^5^9|tynk zaprawa i cement|cement i wapno|0.0|0.0|14.99 zł / l|301
https://images.obi.pl/product/PL/thumb/612556_1.jpg|Primacol Przyspieszacz wiązania do betonu F-3S 5 l|57.99|44.65|3^7|tynk zaprawa i cement|cement i wapno|0.0|0.0|11.60 zł / l|302
https://images.obi.pl/product/PL/thumb/612557_1.jpg|Primacol Przyspieszacz wiązania do betonu F-3S 1 l|21.99|16.93|1^7^9|tynk zaprawa i cement|cement i wapno|0.0|0.0|21.99 zł / l|303
https://images.obi.pl/product/PL/thumb/627804_1.jpg|Primacol Środek do usuwania cementu i zapraw 575 ml|17.99|13.85|2^4^8|tynk zaprawa i cement|cement i wapno|0.0|0.0|35.98 zł / l|304
https://images.obi.pl/product/PL/thumb/612558_1.jpg|Primacol Domieszka do zapraw Tynkolit 5 l|40.99|31.56|2^3^5|tynk zaprawa i cement|cement i wapno|0.0|0.0|8.20 zł / l|305
https://images.obi.pl/product/PL/thumb/628293_2.jpg|Primacol Środek do czyszczenia Klinkier Czyścik 5 l|94.99|73.14|2^4^6|tynk zaprawa i cement|cement i wapno|0.0|0.0|19.00 zł / l|306
https://images.obi.pl/product/PL/thumb/320152_1.jpg|Kątownik stalowy gładki ZG 40x40x2 mm dł. 3000 mm|94.96|73.12|1^4^5|tynk zaprawa i cement|stal budowlana i kraty budowlane|0.0|0.0|31.66 zł / mb|307
https://images.obi.pl/product/PL/thumb/320150_1.jpg|Pręt stalowy żebrowany śr. 6 mm x 3000 mm|9.46|7.28|1^2^6|tynk zaprawa i cement|stal budowlana i kraty budowlane|0.0|0.0|3.16 zł / mb|308
https://images.obi.pl/product/PL/thumb/543836_1.jpg|Mata zbrojeniowa zgrzewana 100x200 cm z kratką 15 x 15 cm|16.99|13.08|1^2^5|tynk zaprawa i cement|stal budowlana i kraty budowlane|4.3|3.0|16.99 zł / szt.|309
https://images.obi.pl/product/PL/thumb/320143_1.jpg|Pręt stalowy gładki śr. 10 mm x 3000 mm|22.96|17.68|3^7|tynk zaprawa i cement|stal budowlana i kraty budowlane|0.0|0.0|7.66 zł / mb|310
https://images.obi.pl/product/PL/thumb/260509_1.jpg|Mata zbrojeniowa zgrzewana 100 mm x 100 mm|14.99|11.54|5^9|tynk zaprawa i cement|stal budowlana i kraty budowlane|0.0|0.0|14.99 zł / szt.|311
https://images.obi.pl/product/PL/thumb/652682_1.jpg|Dystans stropowy zbrojeniowy DSTU 1 - 100 sztuk|25.99|20.01|1^3^9|tynk zaprawa i cement|stal budowlana i kraty budowlane|0.0|0.0|25.99 zł / PACZKA|312
https://images.obi.pl/product/PL/thumb/628119_2.jpg|Drut stalowy ocynkowany śr. 0,8 mm x 100 m|31.99|24.63|4^6^9|tynk zaprawa i cement|stal budowlana i kraty budowlane|0.0|0.0|31.99 zł / szt.|313
https://images.obi.pl/product/PL/thumb/320152_1.jpg|Kątownik stalowy gładki ZG 25x25x2 mm dł. 3000 mm|35.96|27.69|1^4|tynk zaprawa i cement|stal budowlana i kraty budowlane|0.0|0.0|31.66 zł / mb|314
https://images.obi.pl/product/PL/thumb/320143_1.jpg|Pręt stalowy gładki śr. 8 mm x 3000 mm|13.96|10.75|8^9|tynk zaprawa i cement|stal budowlana i kraty budowlane|0.0|0.0|7.66 zł / mb|315
https://images.obi.pl/product/PL/thumb/320152_1.jpg|Kątownik stalowy gładki ZG 20x20x2 mm dł. 3000 mm|29.96|23.07|3^4^9|tynk zaprawa i cement|stal budowlana i kraty budowlane|0.0|0.0|31.66 zł / mb|316
https://images.obi.pl/product/PL/thumb/320143_1.jpg|Pręt stalowy gładki śr. 6 mm x 3000 mm|9.46|7.28|1^5^6|tynk zaprawa i cement|stal budowlana i kraty budowlane|0.0|0.0|7.66 zł / mb|317
https://images.obi.pl/product/PL/thumb/626613_1.jpg|Strzemiona budowlane 25 cm x 25 cm 20 sztuk|42.99|33.1|4^5^8|tynk zaprawa i cement|stal budowlana i kraty budowlane|0.0|0.0|42.99 zł / szt.|318
https://images.obi.pl/product/PL/thumb/626612_3.jpg|Strzemiona budowlane 25 cm x 30 cm - 20 szt|48.99|37.72|1^8|tynk zaprawa i cement|stal budowlana i kraty budowlane|0.0|0.0|48.99 zł / szt.|319
https://images.obi.pl/product/PL/thumb/325926_1.jpg|CMI Silikon Sanitarny 280 ml biały|14.72|11.33|4^7^9|akcesoria do plytek|silikony i akryle|5.0|1.0|46.40 zł / l|320
https://images.obi.pl/product/PL/thumb/158551_1.jpg|Soudal Uszczelniacz dekarski bitumiczny 280 ml|19.99|15.39|5^6|akcesoria do plytek|silikony i akryle|5.0|1.0|71.40 zł / l|321
https://images.obi.pl/product/PL/thumb/311030_1.jpg|Koelner Kotwa chemiczna KEM PSF 300 ml|20.99|16.16|5^7^8|akcesoria do plytek|silikony i akryle|5.0|1.0|69.97 zł / l|322
https://images.obi.pl/product/PL/thumb/473034_1.jpg|CMI Akryl 280 ml biały|5.39|4.15|6^9|akcesoria do plytek|silikony i akryle|5.0|2.0|19.22 zł / l|323
https://images.obi.pl/product/PL/thumb/324699_1.jpg|Soudal Silikon sanitarny 280 ml biały|28.99|22.32|1^2^8|akcesoria do plytek|silikony i akryle|4.8|4.0|103.54 zł / l|324
https://images.obi.pl/product/PL/thumb/324768_1.jpg|Soudal Akryl Express 280 ml biały|16.99|13.08|4^6|akcesoria do plytek|silikony i akryle|5.0|1.0|60.68 zł / l|325
https://images.obi.pl/product/PL/thumb/615847_1.jpg|Soudal Klej montażowy T-REX bezbarwny 310 ml|24.99|19.24|6^9|akcesoria do plytek|silikony i akryle|4.0|3.0|80.62 zł / l|326
https://images.obi.pl/product/PL/thumb/629297_1.jpg|Soudal Klej montażowy T-REX Gold Power 290 ml|30.99|23.86|1^8|akcesoria do plytek|silikony i akryle|5.0|2.0|106.87 zł / l|327
https://images.obi.pl/product/PL/thumb/324690_1.jpg|Soudal Akryl lekki 280 ml biały|15.99|12.31|2^5^6|akcesoria do plytek|silikony i akryle|5.0|1.0|57.11 zł / l|328
https://images.obi.pl/product/PL/thumb/246613_1.jpg|Soudal Silikon sanitarny 60 ml biały|16.99|13.08|1^3^7|akcesoria do plytek|silikony i akryle|0.0|0.0|28.32 zł / 100 ml|329
https://images.obi.pl/product/PL/thumb/450731_1.jpg|Mapei Silikon Mapesil AC 114 antracyt 310 ml|45.99|35.41|6^7^9|akcesoria do plytek|silikony i akryle|5.0|3.0|148.36 zł / l|330
https://images.obi.pl/product/PL/thumb/615848_1.jpg|Soudal Kotwa chemiczna SOUDAFIX P300-SF 280 ml|46.99|36.18|1^6^8|akcesoria do plytek|silikony i akryle|5.0|3.0|167.83 zł / l|331
https://images.obi.pl/product/PL/thumb/285942_1.jpg|Ceresit Uszczelniacz kominkowy CS38, czarny|34.99|26.94|6^7^9|akcesoria do plytek|silikony i akryle|0.0|0.0|124.97 zł / l|332
https://images.obi.pl/product/PL/thumb/324694_1.jpg|Soudal Silikon wysokotemperaturowy 280 ml|49.99|38.49|1^4^9|akcesoria do plytek|silikony i akryle|5.0|1.0|178.54 zł / l|333
https://images.obi.pl/product/PL/thumb/246621_1.jpg|Soudal Silikon uniwersalny 60 ml bezbarwny|15.99|12.31|7^8|akcesoria do plytek|silikony i akryle|5.0|1.0|26.65 zł / 100 ml|334
https://images.obi.pl/product/PL/thumb/632653_1.jpg|Sika Masa uszczelniająca i uniwersalny klej Sikaflex 11FC+ brązowy 300 ml|41.96|32.31|5^6|akcesoria do plytek|silikony i akryle|5.0|2.0|139.87 zł / l|335
https://images.obi.pl/product/PL/thumb/158552_1.jpg|Soudal Uszczelniacz dekarski 280 ml bezbarwny|35.99|27.71|4^6^9|akcesoria do plytek|silikony i akryle|5.0|2.0|128.54 zł / l|336
https://images.obi.pl/product/PL/thumb/246614_1.jpg|Soudal Silikon sanitarny 60 ml bezbarwny|16.99|13.08|2^7^8|akcesoria do plytek|silikony i akryle|0.0|0.0|28.32 zł / 100 ml|337
https://images.obi.pl/product/PL/thumb/158543_1.jpg|Soudal Silikon sanitarny 280 ml beżowy|30.99|23.86|7^8|akcesoria do plytek|silikony i akryle|5.0|1.0|110.68 zł / l|338
https://images.obi.pl/product/PL/thumb/473033_1.jpg|CMI Silikon sanitarny 280 ml bezbarwny|18.99|14.62|3^8^9|akcesoria do plytek|silikony i akryle|5.0|1.0|67.83 zł / l|339
https://images.obi.pl/product/PL/thumb/439931_1.jpg|Expert Line Uszczelniacz akrylowy uniwersalny biały 280 ml|10.99|8.46|2^6|akcesoria do plytek|silikony i akryle|0.0|0.0|39.25 zł / l|340
https://images.obi.pl/product/PL/thumb/633972_2.jpg|Atlas Silikon sanitarny Silton S 001 biały 280 ml|46.99|36.18|1^8^9|akcesoria do plytek|silikony i akryle|0.0|0.0|167.83 zł / l|341
https://images.obi.pl/product/PL/thumb/638669_1.jpg|Expert Line Silikon sanitarny biały 280 ml|19.99|15.39|1^2^8|akcesoria do plytek|silikony i akryle|4.5|2.0|71.40 zł / l|342
https://images.obi.pl/product/PL/thumb/644020_1.jpg|Expert Line Kauczukowy uszczelniacz dekarski bezbarwny 280 ml|29.99|23.09|4^6|akcesoria do plytek|silikony i akryle|0.0|0.0|107.11 zł / l|343
https://images.obi.pl/product/PL/thumb/450725_1.jpg|Mapei Silikon Mapesil AC 100 biały 310 ml|45.99|35.41|2^8|akcesoria do plytek|silikony i akryle|5.0|3.0|148.36 zł / l|344
https://images.obi.pl/product/PL/thumb/450732_1.jpg|Mapei Silikon Mapesil AC 120 czarny 310 ml|45.99|35.41|6^7|akcesoria do plytek|silikony i akryle|5.0|3.0|148.36 zł / l|345
https://images.obi.pl/product/PL/thumb/290962_1.jpg|Ceresit Silikon sanitarny CS9 biały, 280 ml|25.99|20.01|3^5^9|akcesoria do plytek|silikony i akryle|0.0|0.0|92.83 zł / l|346
https://images.obi.pl/product/PL/thumb/352993_1.jpg|Soudal Silikon neutralny sanitarny 280 ml bezbarwny|33.99|26.17|4^8|akcesoria do plytek|silikony i akryle|0.0|0.0|121.40 zł / l|347
https://images.obi.pl/product/PL/thumb/626191_1.jpg|Soudal Uszczelniacz Soudaflex 40FC 300 ml|27.99|21.55|3^8|akcesoria do plytek|silikony i akryle|0.0|0.0|93.30 zł / l|348
https://images.obi.pl/product/PL/thumb/638097_1.jpg|Expert Line Silikon sanitarny bezbarwny 280 ml|19.99|15.39|1^2^8|akcesoria do plytek|silikony i akryle|4.5|2.0|71.40 zł / l|349
https://images.obi.pl/product/PL/thumb/538561_1.jpg|Ceresit Silikon sanitarny CS 25 bezbarwny 280 ml|41.99|32.33|3^7^8|akcesoria do plytek|silikony i akryle|4.0|1.0|149.97 zł / l|350
https://images.obi.pl/product/PL/thumb/571069_1.png|Soudal Silikon ognioodporny Fire Silicone B1 FR 310 ml szary|99.99|76.99|2^8^9|akcesoria do plytek|silikony i akryle|0.0|0.0|322.55 zł / l|351
https://images.obi.pl/product/PL/thumb/571068_1.jpg|Soudal Klej poliuretanowy Soudabond Easy Gun 750 ml|39.99|30.79|6^9|akcesoria do plytek|silikony i akryle|5.0|1.0|53.32 zł / l|352
https://images.obi.pl/product/PL/thumb/634011_1.jpg|Atlas Silikon sanitarny Silton S 000 transparentny 280 ml|46.99|36.18|5^6|akcesoria do plytek|silikony i akryle|0.0|0.0|167.83 zł / l|353
https://images.obi.pl/product/PL/thumb/450751_1.jpg|Mapei Silikon Mapesil AC 999 bezbarwny 310 ml|45.99|35.41|4^6^7|akcesoria do plytek|silikony i akryle|0.0|0.0|148.36 zł / l|354
https://images.obi.pl/product/PL/thumb/634397_2.jpg|Sopro Silikon sanitarny jasnoszary 310 ml|57.99|44.65|4^8|akcesoria do plytek|silikony i akryle|0.0|0.0|187.07 zł / l|355
https://images.obi.pl/product/PL/thumb/659559_1.jpg|Soudal Akryl 280 ml beż|14.99|11.54|1^6^7|akcesoria do plytek|silikony i akryle|5.0|1.0|53.54 zł / l|356
https://images.obi.pl/product/PL/thumb/538575_1.jpg|Ceresit Silikon sanitarny CS 25 7 szary 280 ml|41.99|32.33|2^4^5|akcesoria do plytek|silikony i akryle|4.0|1.0|149.97 zł / l|357
https://images.obi.pl/product/PL/thumb/633997_2.jpg|Atlas Silikon sanitarny Silton S 204 czarny 280 ml|46.99|36.18|2^3^9|akcesoria do plytek|silikony i akryle|0.0|0.0|167.83 zł / l|358
https://images.obi.pl/product/PL/thumb/324703_1.jpg|Soudal Silikon szklarski 280 ml bezbarwny|34.99|26.94|5^8|akcesoria do plytek|silikony i akryle|0.0|0.0|124.97 zł / l|359
https://images.obi.pl/product/PL/thumb/450730_1.jpg|Mapei Silikon Mapesil AC 113 szary 310 ml|45.99|35.41|7^9|akcesoria do plytek|silikony i akryle|5.0|3.0|148.36 zł / l|360
https://images.obi.pl/product/PL/thumb/450727_1.jpg|Mapei Silikon Mapesil AC 111 srebrny 310 ml|45.99|35.41|3^5^7|akcesoria do plytek|silikony i akryle|5.0|3.0|148.36 zł / l|361
https://images.obi.pl/product/PL/thumb/633993_2.jpg|Atlas Silikon sanitarny Silton S 037 grafitowy 280 ml|46.99|36.18|2^5|akcesoria do plytek|silikony i akryle|0.0|0.0|167.83 zł / l|362
https://images.obi.pl/product/PL/thumb/634444_1.jpg|Sopro Silikon sanitarny 051 szary 310 ml|57.99|44.65|3^7|akcesoria do plytek|silikony i akryle|0.0|0.0|187.07 zł / l|363
https://images.obi.pl/product/PL/thumb/265696_1.jpg|Ceresit Re-new white, 100 ml|34.99|26.94|5^6^7|akcesoria do plytek|silikony i akryle|0.0|0.0|349.90 zł / l|364
https://images.obi.pl/product/PL/thumb/324698_1.jpg|Soudal Silikon sanitarny 280 ml bezbarwny|28.99|22.32|3^4^8|akcesoria do plytek|silikony i akryle|4.0|3.0|103.54 zł / l|365
https://images.obi.pl/product/PL/thumb/324691_1.jpg|Soudal Silikon akwarystyczny 280 ml beż|54.99|42.34|4^8^9|akcesoria do plytek|silikony i akryle|0.0|0.0|196.40 zł / l|366
https://images.obi.pl/product/PL/thumb/621516_1.jpg|Mapei Silikon Mapesil AC 103 księżycowy biały 310 ml|45.99|35.41|2^3|akcesoria do plytek|silikony i akryle|0.0|0.0|148.36 zł / l|367
https://images.obi.pl/product/PL/thumb/246615_1.jpg|Soudal Silikon uniwersalny 60 ml biały|15.99|12.31|8^9|akcesoria do plytek|silikony i akryle|5.0|1.0|26.65 zł / 100 ml|368
https://images.obi.pl/product/PL/thumb/677169_1.jpg|Bostik Akryl Perfect Seal szybki 280 ml|11.99|9.23|1^4|akcesoria do plytek|silikony i akryle|5.0|1.0|11.99 zł / szt.|369
https://images.obi.pl/product/PL/thumb/158528_1.jpg|Soudal Silikon uniwersalny 280 ml szary|27.99|21.55|4^5|akcesoria do plytek|silikony i akryle|0.0|0.0|99.97 zł / l|370
https://images.obi.pl/product/PL/thumb/263562_1.jpg|Soudal Akryl 280 ml szary|15.99|12.31|2^5|akcesoria do plytek|silikony i akryle|0.0|0.0|57.11 zł / l|371
https://images.obi.pl/product/PL/thumb/646953_1.jpg|Expert Line Klej poliuretanowy Express błyskawiczny 750 ml|44.99|34.64|4^8^9|akcesoria do plytek|silikony i akryle|0.0|0.0|59.99 zł / l|372
https://images.obi.pl/product/PL/thumb/659838_1.jpg|Rawlplug Kotwa chemiczna 175 ml|22.99|17.7|1^7^9|akcesoria do plytek|silikony i akryle|0.0|0.0|131,38 zł / l|373
https://images.obi.pl/product/PL/thumb/307977_1.jpg|Knauf F+F Akryl malarski 300ml|13.99|10.77|1^3^6|akcesoria do plytek|silikony i akryle|0.0|0.0|46.64 zł / l|374
https://images.obi.pl/product/PL/thumb/324774_1.jpg|Soudal Uszczelniacz butylenowy 280 ml biały|19.99|15.39|3^4^8|akcesoria do plytek|silikony i akryle|0.0|0.0|71.40 zł / l|375
https://images.obi.pl/product/PL/thumb/603445_1.jpg|Soudal Klej poliuretanowy Soudabond Easy 750 ml|39.99|30.79|2^5^9|akcesoria do plytek|silikony i akryle|0.0|0.0|53.32 zł / l|376
https://images.obi.pl/product/PL/thumb/571065_1.jpg|Soudal Silikon neutralny Express 310 ml bezbarwny|30.99|23.86|5^8|akcesoria do plytek|silikony i akryle|0.0|0.0|99.97 zł / l|377
https://images.obi.pl/product/PL/thumb/324771_1.jpg|Soudal Uszczelniacz dekarski 280 ml brązowy|35.99|27.71|3^8|akcesoria do plytek|silikony i akryle|0.0|0.0|128.54 zł / l|378
https://images.obi.pl/product/PL/thumb/603425_1.jpg|Soudal Klej Fix All Classic czarny|38.99|30.02|4^5^6|akcesoria do plytek|silikony i akryle|0.0|0.0|134.45 zł / l|379
https://images.obi.pl/product/PL/thumb/603432_1.jpg|Soudal Klej Fix All Classic szary|38.99|30.02|2^4^5|akcesoria do plytek|silikony i akryle|0.0|0.0|134.45 zł / l|380
https://images.obi.pl/product/PL/thumb/603441_1.jpg|Soudal Klej Fix All Turbo 290 ml|48.99|37.72|4^8|akcesoria do plytek|silikony i akryle|5.0|2.0|168.94 zł / l|381
https://images.obi.pl/product/PL/thumb/603442_1.jpg|Soudal Lekka szpachla akrylowa 900 ml|49.99|38.49|1^2^4|akcesoria do plytek|silikony i akryle|5.0|1.0|55.55 zł / l|382
https://images.obi.pl/product/PL/thumb/615849_1.jpg|Soudal Klej montażowy T-REX błyskawiczny 310 ml|22.99|17.7|4^6|akcesoria do plytek|silikony i akryle|3.8|5.0|74.17 zł / l|383
https://images.obi.pl/product/PL/thumb/634428_1.jpg|Sopro Silikon sanitarny srebrno-szary 310 ml|57.99|44.65|1^7^9|akcesoria do plytek|silikony i akryle|0.0|0.0|187.07 zł / l|384
https://images.obi.pl/product/PL/thumb/637705_1.jpg|Ceresit Klej uniwersalny CX 10 - 850 ml|45.99|35.41|5^6|akcesoria do plytek|silikony i akryle|0.0|0.0|54.11 zł / l|385
https://images.obi.pl/product/PL/thumb/290963_1.jpg|Ceresit Silikon sanitarny CS9 bezbarwny, 280 ml|25.99|20.01|4^8|akcesoria do plytek|silikony i akryle|0.0|0.0|92.83 zł / l|386
https://images.obi.pl/product/PL/thumb/324706_1.jpg|Soudal Silikon uniwersalny 280 ml bezbarwny|26.99|20.78|4^7|akcesoria do plytek|silikony i akryle|0.0|0.0|96.40 zł / l|387
https://images.obi.pl/product/PL/thumb/158527_1.jpg|Soudal Silikon uniwersalny 280 ml brązowy|27.99|21.55|5^6|akcesoria do plytek|silikony i akryle|0.0|0.0|99.97 zł / l|388
https://images.obi.pl/product/PL/thumb/324704_1.jpg|Soudal Silikon szklarski 280 ml biały|34.99|26.94|1^2|akcesoria do plytek|silikony i akryle|0.0|0.0|124.97 zł / l|389
https://images.obi.pl/product/PL/thumb/638447_1.jpg|Soudal Akryl zewnętrzny 280 ml biały|21.99|16.93|4^6^7|akcesoria do plytek|silikony i akryle|0.0|0.0|78.54 zł / szt.|390
https://images.obi.pl/product/PL/thumb/538572_1.jpg|Ceresit Silikon sanitarny CS 25 16 grafit 280 ml|41.99|32.33|2^8|akcesoria do plytek|silikony i akryle|4.0|1.0|149.97 zł / l|391
https://images.obi.pl/product/PL/thumb/450733_1.jpg|Mapei Silikon Mapesil AC 132 beż 2000 310 ml|45.99|35.41|2^4^8|akcesoria do plytek|silikony i akryle|5.0|1.0|148.36 zł / l|392
https://images.obi.pl/product/PL/thumb/450729_1.jpg|Mapei Silikon Mapesil AC 112 tytan 310 ml|45.99|35.41|2^5|akcesoria do plytek|silikony i akryle|5.0|1.0|148.36 zł / l|393
https://images.obi.pl/product/PL/thumb/450750_1.jpg|Mapei Silikon Mapesil AC 181 zielony 310 ml|45.99|35.41|4^6|akcesoria do plytek|silikony i akryle|5.0|3.0|148.36 zł / l|394
https://images.obi.pl/product/PL/thumb/633961_2.jpg|Atlas Silikon sanitarny Silton S 020 beżowy 280 ml|46.99|36.18|7^8|akcesoria do plytek|silikony i akryle|0.0|0.0|167.83 zł / l|395
https://images.obi.pl/product/PL/thumb/633982_2.jpg|Atlas Silikon sanitarny Silton S 035 szary 280 ml|46.99|36.18|6^9|akcesoria do plytek|silikony i akryle|5.0|1.0|167.83 zł / l|396
https://images.obi.pl/product/PL/thumb/633985_1.jpg|Atlas Silikon sanitarny Silton S 202 popielaty 280 ml|46.99|36.18|3^4^7|akcesoria do plytek|silikony i akryle|5.0|1.0|167.83 zł / l|397
https://images.obi.pl/product/PL/thumb/634429_2.jpg|Sopro Silikon sanitarny beżowy 310 ml|57.99|44.65|1^3|akcesoria do plytek|silikony i akryle|0.0|0.0|187.07 zł / l|398
https://images.obi.pl/product/PL/thumb/158534_1.jpg|Soudal Silikon uniwersalny 280 ml beżowy|27.99|21.55|3^4|akcesoria do plytek|silikony i akryle|0.0|0.0|99.97 zł / l|399
https://images.obi.pl/product/PL/thumb/263561_1.jpg|Soudal Akryl 280 ml brązowy|15.99|12.31|1^5^7|akcesoria do plytek|silikony i akryle|0.0|0.0|57.11 zł / l|400
https://images.obi.pl/product/PL/thumb/641647_1.jpg|Expert Line Silikon uniwersalny bezbarwny 280 ml|23.99|18.47|1^2^6|akcesoria do plytek|silikony i akryle|0.0|0.0|85.68 zł / l|401
https://images.obi.pl/product/PL/thumb/644019_1.jpg|Expert Line Kauczukowy uszczelniacz dekarski brązowy 280 ml|29.99|23.09|1^7|akcesoria do plytek|silikony i akryle|0.0|0.0|107.11 zł / l|402
https://images.obi.pl/product/PL/thumb/646955_1.jpg|Expert Line Klej poliuretanowy Pianofix dekarski 750 ml|42.99|33.1|1^8|akcesoria do plytek|silikony i akryle|0.0|0.0|57.32 zł / l|403
https://images.obi.pl/product/PL/thumb/623909_1.jpg|IZOHAN Uszczelniacz dekarski kauczukowy bezbarwny 290 ml|34.99|26.94|4^5^6|akcesoria do plytek|silikony i akryle|0.0|0.0|34.99 zł / szt.|404
https://images.obi.pl/product/PL/thumb/623911_1.jpg|IZOHAN Uszczelniacz dekarski kauczukowy czarny 300 ml|26.99|20.78|2^3^4|akcesoria do plytek|silikony i akryle|0.0|0.0|26.99 zł / szt.|405
https://images.obi.pl/product/PL/thumb/450726_1.jpg|Mapei Silikon Mapesil AC 130 jaśmin 310 ml|45.99|35.41|3^6|akcesoria do plytek|silikony i akryle|5.0|3.0|148.36 zł / l|406
https://images.obi.pl/product/PL/thumb/450728_1.jpg|Mapei Silikon Mapesil AC 110 manhattan 2000 310 ml|45.99|35.41|5^8|akcesoria do plytek|silikony i akryle|5.0|1.0|148.36 zł / l|407
https://images.obi.pl/product/PL/thumb/450738_1.jpg|Mapei Silikon Mapesil AC 144 czekolada 310 ml|45.99|35.41|4^6^9|akcesoria do plytek|silikony i akryle|5.0|3.0|148.36 zł / l|408
https://images.obi.pl/product/PL/thumb/633971_1.jpg|Atlas Silikon sanitarny Silton S 025 jasnozielony 280 ml|46.99|36.18|1^3^5|akcesoria do plytek|silikony i akryle|0.0|0.0|167.83 zł / l|409
https://images.obi.pl/product/PL/thumb/633974_1.jpg|Atlas Silikon sanitarny Silton S 206 cappucino 280 ml|46.99|36.18|1^6^7|akcesoria do plytek|silikony i akryle|0.0|0.0|167.83 zł / l|410
https://images.obi.pl/product/PL/thumb/633987_2.jpg|Atlas Silikon sanitarny Silton S 034 jasnoszary 280 ml|46.99|36.18|6^7^9|akcesoria do plytek|silikony i akryle|0.0|0.0|167.83 zł / l|411
https://images.obi.pl/product/PL/thumb/634417_1.jpg|Sopro Silikon sanitarny piaskowo-szary 310 ml|57.99|44.65|4^7^8|akcesoria do plytek|silikony i akryle|0.0|0.0|187.07 zł / l|412
https://images.obi.pl/product/PL/thumb/634430_2.jpg|Sopro Silikon sanitarny bezbarwny 310 ml|57.99|44.65|5^7|akcesoria do plytek|silikony i akryle|0.0|0.0|187.07 zł / l|413
https://images.obi.pl/product/PL/thumb/634433_1.jpg|Sopro Silikon sanitarny anemon 310 ml|57.99|44.65|1^8|akcesoria do plytek|silikony i akryle|0.0|0.0|187.07 zł / l|414
https://images.obi.pl/product/PL/thumb/634434_1.jpg|Sopro Silikon sanitarny manhattan 310 ml|57.99|44.65|2^6|akcesoria do plytek|silikony i akryle|0.0|0.0|187.07 zł / l|415
https://images.obi.pl/product/PL/thumb/634436_1.jpg|Sopro Silikon sanitarny beż bahama 310 ml|57.99|44.65|1^5^6|akcesoria do plytek|silikony i akryle|0.0|0.0|187.07 zł / l|416
https://images.obi.pl/product/PL/thumb/324705_1.jpg|Soudal Silikon szklarski 280 ml brązowy|34.99|26.94|2^6^7|akcesoria do plytek|silikony i akryle|0.0|0.0|124.97 zł / l|417
https://images.obi.pl/product/PL/thumb/158540_1.jpg|Soudal Silikon sanitarny 280 ml brązowy|30.99|23.86|4^5|akcesoria do plytek|silikony i akryle|0.0|0.0|110.68 zł / l|418
https://images.obi.pl/product/PL/thumb/324695_1.jpg|Soudal Silikon neutralny 280 ml bezbarwny|29.99|23.09|1^2^4|akcesoria do plytek|silikony i akryle|0.0|0.0|107.11 zł / l|419
https://images.obi.pl/product/PL/thumb/324779_1.jpg|Soudal Silikon neutralny sanitarny 280 ml biały|33.99|26.17|6^8|akcesoria do plytek|silikony i akryle|5.0|1.0|121.40 zł / l|420
https://images.obi.pl/product/PL/thumb/626190_1.jpg|Soudal Silikon sanitarny Extra biały 280 ml|35.99|27.71|1^5^7|akcesoria do plytek|silikony i akryle|0.0|0.0|128.54 zł / l|421
https://images.obi.pl/product/PL/thumb/652054_1.jpg|Bostik Perfect Seal akryl extra 280 ml|14.99|11.54|6^7|akcesoria do plytek|silikony i akryle|5.0|35.0|14.99 zł / szt.|422
https://images.obi.pl/product/PL/thumb/334603_1.jpg|Cersit Silikon sanitarny CS25 marble white 280 ml|41.99|32.33|3^5^6|akcesoria do plytek|silikony i akryle|0.0|0.0|149.97 zł / l|423
https://images.obi.pl/product/PL/thumb/636866_1.jpg|Cersit Silikon sanitarny CS 25 cement gray 280 ml|41.99|32.33|3^6|akcesoria do plytek|silikony i akryle|0.0|0.0|149.97 zł / l|424
https://images.obi.pl/product/PL/thumb/671535_1.jpg|Soudal Uszczelniacz Fix All High Tack Clear 290 ml|51.99|40.03|1^2^9|akcesoria do plytek|silikony i akryle|0.0|0.0|179.28 zł / l|425
https://images.obi.pl/product/PL/thumb/671536_1.jpg|Soudal Uszczelniacz Fix All super mocny 290 ml|46.99|36.18|2^6^8|akcesoria do plytek|silikony i akryle|0.0|0.0|162.04 zł / l|426
https://images.obi.pl/product/PL/thumb/395077_1.jpg|Ceresit Silikon sanitarny CS 25 55 terra 280 ml|41.99|32.33|3^6^8|akcesoria do plytek|silikony i akryle|4.0|1.0|149.97 zł / l|427
https://images.obi.pl/product/PL/thumb/395079_1.jpg|Ceresit Silikon sanitarny CS 25 46 karmel 280 ml|41.99|32.33|1^3^5|akcesoria do plytek|silikony i akryle|4.0|1.0|149.97 zł / l|428
https://images.obi.pl/product/PL/thumb/395080_1.jpg|Ceresit Silikon sanitarny CS 25 58 chocollate 280 ml|41.99|32.33|3^4^6|akcesoria do plytek|silikony i akryle|4.0|1.0|149.97 zł / l|429
https://images.obi.pl/product/PL/thumb/395081_1.jpg|Ceresit Silikon sanitarny CS 25 4 silver 280 ml|41.99|32.33|1^4^8|akcesoria do plytek|silikony i akryle|4.0|1.0|149.97 zł / l|430
https://images.obi.pl/product/PL/thumb/395086_1.jpg|Ceresit Silikon sanitarny CS 25 40 jaśmin 280 ml|41.99|32.33|1^3^8|akcesoria do plytek|silikony i akryle|4.0|1.0|149.97 zł / l|431
https://images.obi.pl/product/PL/thumb/395078_1.jpg|Ceresit Silikon sanitarny CS 25 43 bahama 280 ml|41.99|32.33|3^4|akcesoria do plytek|silikony i akryle|4.0|1.0|149.97 zł / l|432
https://images.obi.pl/product/PL/thumb/450734_1.jpg|Mapei Silikon Mapesil AC 131 wanilia 310 ml|45.99|35.41|4^6^9|akcesoria do plytek|silikony i akryle|5.0|3.0|148.36 zł / l|433
https://images.obi.pl/product/PL/thumb/450736_1.jpg|Mapei Silikon Mapesil AC 142 brąz 310 ml|45.99|35.41|1^7^9|akcesoria do plytek|silikony i akryle|5.0|3.0|148.36 zł / l|434
https://images.obi.pl/product/PL/thumb/603444_1.jpg|Soudal Klej Fix All Classic 290 ml brązowy|38.99|30.02|2^3|akcesoria do plytek|silikony i akryle|0.0|0.0|134.45 zł / l|435
https://images.obi.pl/product/PL/thumb/571067_1.jpg|Soudal Akryl Firecryl FR 310 ml biały|69.99|53.89|2^9|akcesoria do plytek|silikony i akryle|0.0|0.0|225,.78 zł / l|436
https://images.obi.pl/product/PL/thumb/621513_1.jpg|Mapei Silikon Mapesil AC 134 jedwab 310 ml|45.99|35.41|5^6^9|akcesoria do plytek|silikony i akryle|0.0|0.0|148.36 zł / l|437
https://images.obi.pl/product/PL/thumb/621515_1.jpg|Mapei Silikon Mapesil AC 149 piasek wulkaniczny 310 ml|45.99|35.41|3^5^6|akcesoria do plytek|silikony i akryle|0.0|0.0|148.36 zł / l|438
https://images.obi.pl/product/PL/thumb/621518_1.jpg|Mapei Silikon Mapesil AC 133 piasek 310 ml|45.99|35.41|6^7|akcesoria do plytek|silikony i akryle|0.0|0.0|148.36 zł / l|439
https://images.obi.pl/product/PL/thumb/633964_1.jpg|Atlas Silikon sanitarny Silton S 118 jaśminowy 280 ml|46.99|36.18|3^4^6|akcesoria do plytek|silikony i akryle|0.0|0.0|167.83 zł / l|440
https://images.obi.pl/product/PL/thumb/633969_1.jpg|Atlas Silikon sanitarny Silton S 207 latte 280 ml|46.99|36.18|1^4|akcesoria do plytek|silikony i akryle|0.0|0.0|167.83 zł / l|441
https://images.obi.pl/product/PL/thumb/633975_1.jpg|Atlas Silikon sanitarny Silton S 123 jasnobrązowy 280 ml|46.99|36.18|2^5|akcesoria do plytek|silikony i akryle|5.0|1.0|167.83 zł / l|442
https://images.obi.pl/product/PL/thumb/633977_2.jpg|Atlas Silikon sanitarny Silton S 018 beż pastelowy 280 ml|46.99|36.18|1^2^7|akcesoria do plytek|silikony i akryle|0.0|0.0|167.83 zł / l|443
https://images.obi.pl/product/PL/thumb/633978_2.jpg|Atlas Silikon sanitarny Silton S 124 ciemne wenge 280 ml|46.99|36.18|4^5^6|akcesoria do plytek|silikony i akryle|0.0|0.0|167.83 zł / l|444
https://images.obi.pl/product/PL/thumb/633980_1.jpg|Atlas Silikon sanitarny Silton S 136 srebrny 280 ml|46.99|36.18|6^9|akcesoria do plytek|silikony i akryle|0.0|0.0|167.83 zł / l|445
https://images.obi.pl/product/PL/thumb/633988_1.jpg|Atlas Silikon sanitarny Silton S 027 zielony 280 ml|46.99|36.18|3^6^8|akcesoria do plytek|silikony i akryle|0.0|0.0|167.83 zł / l|446
https://images.obi.pl/product/PL/thumb/633989_1.jpg|Atlas Silikon sanitarny Silton S 203 stalowy 280 ml|46.99|36.18|1^6|akcesoria do plytek|silikony i akryle|0.0|0.0|167.83 zł / l|447
https://images.obi.pl/product/PL/thumb/633998_2.jpg|Atlas Silikon sanitarny Silton S 036 ciemnoszary 280 ml|46.99|36.18|1^3^6|akcesoria do plytek|silikony i akryle|0.0|0.0|167.83 zł / l|448
https://images.obi.pl/product/PL/thumb/634027_1.jpg|Atlas Silikon sanitarny Silton S 210 kakao 280 ml|46.99|36.18|4^7|akcesoria do plytek|silikony i akryle|0.0|0.0|167.83 zł / l|449
https://images.obi.pl/product/PL/thumb/634031_1.jpg|Atlas Silikon sanitarny Silton S 023 brązowy 280 ml|46.99|36.18|3^5^6|akcesoria do plytek|silikony i akryle|0.0|0.0|167.83 zł / l|450
https://images.obi.pl/product/PL/thumb/634404_1.jpg|Sopro Silikon sanitarny betonowo-szary 310 ml|57.99|44.65|1^2|akcesoria do plytek|silikony i akryle|0.0|0.0|187.07 zł / l|451
https://images.obi.pl/product/PL/thumb/634421_1.jpg|Sopro Silikon sanitarny kamienno-szary 310 ml|57.99|44.65|4^8^9|akcesoria do plytek|silikony i akryle|0.0|0.0|187.07 zł / l|452
https://images.obi.pl/product/PL/thumb/634435_2.jpg|Sopro Silikon sanitarny brąz 310 ml|57.99|44.65|2^5^6|akcesoria do plytek|silikony i akryle|0.0|0.0|187.07 zł / l|453
https://images.obi.pl/product/PL/thumb/634437_1.jpg|Sopro Silikon sanitarny biały 310 ml|57.99|44.65|5^7|akcesoria do plytek|silikony i akryle|0.0|0.0|187.07 zł / l|454
https://images.obi.pl/product/PL/thumb/634438_1.jpg|Sopro Silikon sanitarny czarny 310 ml|57.99|44.65|4^7|akcesoria do plytek|silikony i akryle|5.0|1.0|187.07 zł / l|455
https://images.obi.pl/product/PL/thumb/634440_1.jpg|Sopro Silikon sanitarny jasny beż 310 ml|57.99|44.65|2^7^8|akcesoria do plytek|silikony i akryle|0.0|0.0|187.07 zł / l|456
https://images.obi.pl/product/PL/thumb/634442_1.jpg|Sopro Silikon sanitarny 055 pergamon 310 ml|57.99|44.65|4^5^9|akcesoria do plytek|silikony i akryle|0.0|0.0|187.07 zł / l|457
https://images.obi.pl/product/PL/thumb/634443_1.jpg|Sopro Silikon sanitarny 056 brąz bali 310 ml|57.99|44.65|4^9|akcesoria do plytek|silikony i akryle|0.0|0.0|187.07 zł / l|458
https://images.obi.pl/product/PL/thumb/259577_1.jpg|Sopro Silikon sanitarny 030 bazalt 310 ml|57.99|44.65|3^4|akcesoria do plytek|silikony i akryle|0.0|0.0|187.07 zł / l|459
https://images.obi.pl/product/PL/thumb/308204_1.jpg|Knauf Silikon sanitarny szary 280 ml|54.99|42.34|3^7|akcesoria do plytek|silikony i akryle|0.0|0.0|196.40 zł / l|460
https://images.obi.pl/product/PL/thumb/308199_1.jpg|Knauf Silikon sanitarny czarny 280 ml|54.99|42.34|6^7|akcesoria do plytek|silikony i akryle|0.0|0.0|196.40 zł / l|461
https://images.obi.pl/product/PL/thumb/308198_1.jpg|Knauf Silikon sanitarny biały 280 ml|54.99|42.34|3^4^7|akcesoria do plytek|silikony i akryle|0.0|0.0|196.40 zł / l|462
https://images.obi.pl/product/PL/thumb/308201_1.jpg|Knauf Silikon sanitarny jasny szary 280 ml|54.99|42.34|2^6^9|akcesoria do plytek|silikony i akryle|0.0|0.0|196.40 zł / l|463
https://images.obi.pl/product/PL/thumb/308196_1.jpg|Knauf Silikon sanitarny anemon 280 ml|54.99|42.34|5^6|akcesoria do plytek|silikony i akryle|0.0|0.0|196.40 zł / l|464
https://images.obi.pl/product/PL/thumb/324707_1.jpg|Soudal Silikon uniwersalny 280 ml biały|26.99|20.78|4^5|akcesoria do plytek|silikony i akryle|0.0|0.0|96.40 zł / l|465
https://images.obi.pl/product/PL/thumb/158546_1.jpg|Soudal Silikon neutralny 280 ml brązowy|29.99|23.09|4^7|akcesoria do plytek|silikony i akryle|0.0|0.0|107.11 zł / l|466
https://images.obi.pl/product/PL/thumb/158553_1.jpg|Soudal Uszczelniacz dekarski 280 ml czerwony|35.99|27.71|8^9|akcesoria do plytek|silikony i akryle|0.0|0.0|128.54 zł / l|467
https://images.obi.pl/product/PL/thumb/324693_1.jpg|Soudal Silikon neutralny Express 280 ml biały|44.99|34.64|1^7^9|akcesoria do plytek|silikony i akryle|0.0|0.0|160.68 zł / l|468
https://images.obi.pl/product/PL/thumb/603434_1.jpg|Soudal Klej Montage Fix 280 ml|24.99|19.24|3^4^9|akcesoria do plytek|silikony i akryle|0.0|0.0|89.25 zł / l|469
https://images.obi.pl/product/PL/thumb/647335_1.jpg|Expert Line Silikon neutralny 280 ml bezbarwny|27.99|21.55|3^7|akcesoria do plytek|silikony i akryle|0.0|0.0|99.97 zł / l|470
https://images.obi.pl/product/PL/thumb/324805_1.jpg|Knauf Silikon sanitarny brąz 280 ml|54.99|42.34|8^9|akcesoria do plytek|silikony i akryle|0.0|0.0|196.40 zł / l|471
https://images.obi.pl/product/PL/thumb/334604_1.jpg|Cersit Silikon sanitarny CS25 brown 280 ml|41.99|32.33|6^7|akcesoria do plytek|silikony i akryle|0.0|0.0|149.97 zł / l|472
https://images.obi.pl/product/PL/thumb/334605_1.jpg|Cersit Silikon sanitarny CS25 platinum 280 ml|41.99|32.33|6^7|akcesoria do plytek|silikony i akryle|0.0|0.0|149.97 zł / l|473
https://images.obi.pl/product/PL/thumb/334607_1.jpg|Cersit Silikon sanitarny CS25 iron grey 280 ml|41.99|32.33|2^4|akcesoria do plytek|silikony i akryle|0.0|0.0|149.97 zł / l|474
https://images.obi.pl/product/PL/thumb/636859_1.jpg|Cersit Silikon sanitarny CS 25 coal 280 ml|41.99|32.33|1^4^9|akcesoria do plytek|silikony i akryle|0.0|0.0|149.97 zł / l|475
https://images.obi.pl/product/PL/thumb/395076_1.jpg|Ceresit Silikon sanitarny CS 25 10 manhattan 280 ml|41.99|32.33|1^7|akcesoria do plytek|silikony i akryle|4.0|1.0|149.97 zł / l|476
https://images.obi.pl/product/PL/thumb/395082_1.jpg|Ceresit Silikon sanitarny CS 25 13 antracyt 280 ml|41.99|32.33|4^5|akcesoria do plytek|silikony i akryle|4.0|1.0|149.97 zł / l|477
https://images.obi.pl/product/PL/thumb/538571_1.jpg|Ceresit Silikon sanitarny CS25 biały 280 ml|41.99|32.33|4^7|akcesoria do plytek|silikony i akryle|4.0|1.0|149.97 zł / l|478
https://images.obi.pl/product/PL/thumb/550753_1.jpg|Ceresit Silikon sanitarny CS 25 44 toffi 280 ml|41.99|32.33|1^2^4|akcesoria do plytek|silikony i akryle|4.0|1.0|149.97 zł / l|479
https://images.obi.pl/product/PL/thumb/450737_1.jpg|Mapei Silikon Mapesil AC 143 cynamon 310 ml|45.99|35.41|4^7|akcesoria do plytek|silikony i akryle|5.0|3.0|148.36 zł / l|480
https://images.obi.pl/product/PL/thumb/450749_1.jpg|Mapei Silikon Mapesil AC 145 ceglasty 310 ml|45.99|35.41|1^4^8|akcesoria do plytek|silikony i akryle|5.0|3.0|148.36 zł / l|481
https://images.obi.pl/product/PL/thumb/450735_1.jpg|Mapei Silikon Mapesil AC 141 karmel 310 ml|45.99|35.41|1^2|akcesoria do plytek|silikony i akryle|5.0|3.0|148.36 zł / l|482
https://images.obi.pl/product/PL/thumb/450745_1.jpg|Mapei Silikon Mapesil AC 180 mięta 310 ml|45.99|35.41|4^6^7|akcesoria do plytek|silikony i akryle|5.0|3.0|148.36 zł / l|483
https://images.obi.pl/product/PL/thumb/621514_1.jpg|Mapei Silikon Mapesil AC 136 brunatny 310 ml|45.99|35.41|2^6|akcesoria do plytek|silikony i akryle|0.0|0.0|148.36 zł / l|484
https://images.obi.pl/product/PL/thumb/621517_1.jpg|Mapei Silikon Mapesil AC 135 złoty pył 310 ml|45.99|35.41|5^6|akcesoria do plytek|silikony i akryle|0.0|0.0|148.36 zł / l|485
https://images.obi.pl/product/PL/thumb/633966_2.jpg|Atlas Silikon sanitarny Silton S 209 kasztanowy 280 ml|46.99|36.18|1^9|akcesoria do plytek|silikony i akryle|0.0|0.0|167.83 zł / l|486
https://images.obi.pl/product/PL/thumb/633967_1.jpg|Atlas Silikon sanitarny Silton S 120 toffi 280 ml|46.99|36.18|3^5^8|akcesoria do plytek|silikony i akryle|0.0|0.0|167.83 zł / l|487
https://images.obi.pl/product/PL/thumb/633976_2.jpg|Atlas Silikon sanitarny Silton S 205 kremowy 280 ml|46.99|36.18|3^5^9|akcesoria do plytek|silikony i akryle|0.0|0.0|167.83 zł / l|488
https://images.obi.pl/product/PL/thumb/634001_1.jpg|Atlas Silikon sanitarny Silton S 019 jasnobeżowy 280 ml|46.99|36.18|2^7|akcesoria do plytek|silikony i akryle|0.0|0.0|167.83 zł / l|489
https://images.obi.pl/product/PL/thumb/634005_2.jpg|Atlas Silikon sanitarny Silton S 022 orzechowy 280 ml|46.99|36.18|4^6^9|akcesoria do plytek|silikony i akryle|0.0|0.0|167.83 zł / l|490
https://images.obi.pl/product/PL/thumb/634010_1.jpg|Atlas Silikon sanitarny Silton S 215 atramentowy 280 ml|46.99|36.18|1^2|akcesoria do plytek|silikony i akryle|0.0|0.0|167.83 zł / l|491
https://images.obi.pl/product/PL/thumb/634013_2.jpg|Atlas Silikon sanitarny Silton S 213 mandarynkowy 280 ml|46.99|36.18|3^4^9|akcesoria do plytek|silikony i akryle|0.0|0.0|167.83 zł / l|492
https://images.obi.pl/product/PL/thumb/634016_1.jpg|Atlas Silikon sanitarny Silton S 212 szarobrązowy 280 ml|46.99|36.18|1^2^3|akcesoria do plytek|silikony i akryle|0.0|0.0|167.83 zł / l|493
https://images.obi.pl/product/PL/thumb/634018_2.jpg|Atlas Silikon sanitarny Silton S 214 wrzosowy 280 ml|46.99|36.18|6^8^9|akcesoria do plytek|silikony i akryle|0.0|0.0|167.83 zł / l|494
https://images.obi.pl/product/PL/thumb/634020_2.jpg|Atlas Silikon sanitarny Silton S 218 cytrynowy 280 ml|46.99|36.18|2^8|akcesoria do plytek|silikony i akryle|0.0|0.0|167.83 zł / l|495
https://images.obi.pl/product/PL/thumb/634024_2.jpg|Atlas Silikon sanitarny Silton S 211 cementowy 280 ml|46.99|36.18|1^4|akcesoria do plytek|silikony i akryle|0.0|0.0|167.83 zł / l|496
https://images.obi.pl/product/PL/thumb/634029_2.jpg|Atlas Silikon sanitarny Silton S 216 czerwony 280 ml|46.99|36.18|4^8|akcesoria do plytek|silikony i akryle|0.0|0.0|167.83 zł / l|497
https://images.obi.pl/product/PL/thumb/634030_2.jpg|Atlas Silikon sanitarny Silton S 024 ciemnobrązowy 280 ml|46.99|36.18|1^4^9|akcesoria do plytek|silikony i akryle|0.0|0.0|167.83 zł / l|498
https://images.obi.pl/product/PL/thumb/634432_1.jpg|Sopro Silikon sanitarny beż jura 310 ml|57.99|44.65|2^6^7|akcesoria do plytek|silikony i akryle|5.0|1.0|187.07 zł / l|499
https://images.obi.pl/product/PL/thumb/634439_1.jpg|Sopro Silikon sanitarny antracyt 310 ml|57.99|44.65|6^8|akcesoria do plytek|silikony i akryle|0.0|0.0|187.07 zł / l|500
https://images.obi.pl/product/PL/thumb/634441_1.jpg|Sopro Silikon sanitarny jaśmin 310 ml|57.99|44.65|1^5|akcesoria do plytek|silikony i akryle|0.0|0.0|187.07 zł / l|501
https://images.obi.pl/product/PL/thumb/634445_1.jpg|Sopro Silikon sanitarny 057 karmel 310 ml|57.99|44.65|2^3^6|akcesoria do plytek|silikony i akryle|0.0|0.0|187.07 zł / l|502
https://images.obi.pl/product/PL/thumb/634450_1.jpg|Sopro Silikon sanitarny 240 toffi 310 ml|40.99|31.56|1^4^7|akcesoria do plytek|silikony i akryle|0.0|0.0|132.23 zł / l|503
https://images.obi.pl/product/PL/thumb/634454_1.jpg|Sopro Silikon sanitarny 232 umbra 310 ml|57.99|44.65|5^6^7|akcesoria do plytek|silikony i akryle|0.0|0.0|187.07 zł / l|504
https://images.obi.pl/product/PL/thumb/308200_1.jpg|Knauf Silikon sanitarny jasny brąz 280 ml|54.99|42.34|2^6|akcesoria do plytek|silikony i akryle|0.0|0.0|196.40 zł / l|505
https://images.obi.pl/product/PL/thumb/308205_1.jpg|Knauf Silikon sanitarny ciemno szary 280 ml|54.99|42.34|4^5^8|akcesoria do plytek|silikony i akryle|0.0|0.0|196.40 zł / l|506
https://images.obi.pl/product/PL/thumb/308197_1.jpg|Knauf Silikon sanitarny antracyt 280 ml|54.99|42.34|3^7|akcesoria do plytek|silikony i akryle|0.0|0.0|196.40 zł / l|507
https://images.obi.pl/product/PL/thumb/308203_1.jpg|Knauf Silikon sanitarny manhattan 280 ml|54.99|42.34|5^6^9|akcesoria do plytek|silikony i akryle|0.0|0.0|196.40 zł / l|508
https://images.obi.pl/product/PL/thumb/308202_1.jpg|Knauf Silikon sanitarny jaśmin 280 ml|54.99|42.34|3^5^9|akcesoria do plytek|silikony i akryle|0.0|0.0|196.40 zł / l|509
https://images.obi.pl/product/PL/thumb/308206_1.jpg|Knauf Silikon sanitarny bezbarwny 280 ml|54.99|42.34|4^6^7|akcesoria do plytek|silikony i akryle|0.0|0.0|196.40 zł / l|510
https://images.obi.pl/product/PL/thumb/158544_1.jpg|Soudal Silikon neutralny 280 ml biały|29.99|23.09|4^6^8|akcesoria do plytek|silikony i akryle|0.0|0.0|107.11 zł / l|511
https://images.obi.pl/product/PL/thumb/324246_1.jpg|Knauf Silikon sanitarny bahama beż 280 ml|54.99|42.34|7^9|akcesoria do plytek|silikony i akryle|0.0|0.0|196.40 zł / l|512
https://images.obi.pl/product/PL/thumb/324247_1.jpg|Knauf Silikon sanitarny karmel 280 ml|54.99|42.34|3^5^9|akcesoria do plytek|silikony i akryle|0.0|0.0|196.40 zł / l|513
https://images.obi.pl/product/PL/thumb/324248_1.jpg|Knauf Silikon sanitarny ciemny brąz 280 ml|54.99|42.34|4^6^9|akcesoria do plytek|silikony i akryle|0.0|0.0|196.40 zł / l|514
https://images.obi.pl/product/PL/thumb/641646_1.jpg|Expert Line Silikon uniwersalny biały 280 ml|23.99|18.47|1^4|akcesoria do plytek|silikony i akryle|0.0|0.0|85.68 zł / l|515
https://images.obi.pl/product/PL/thumb/647334_1.jpg|Expert Line Silikon neutralny 280 ml biały|27.99|21.55|6^7|akcesoria do plytek|silikony i akryle|0.0|0.0|99.97 zł / l|516
https://images.obi.pl/product/PL/thumb/334606_1.jpg|Cersit Silikon sanitarny CS25 almontree 280 ml|41.99|32.33|3^4^8|akcesoria do plytek|silikony i akryle|0.0|0.0|149.97 zł / l|517
https://images.obi.pl/product/PL/thumb/671537_1.jpg|Soudal Uszczelniacz Green Fix polymer 290 ml|45.99|35.41|6^7^9|akcesoria do plytek|silikony i akryle|0.0|0.0|158.59 zł / l|518
https://images.obi.pl/product/PL/thumb/615844_1.jpg|Soudal Klej montażowy T-REX super mocny 380 g|23.99|18.47|3^4^6|akcesoria do plytek|silikony i akryle|3.3|7.0|77.39 zł / l|519
https://images.obi.pl/product/PL/thumb/324765_1.jpg|Soudal Akryl 280 ml biały|10.99|8.46|3^4|akcesoria do plytek|silikony i akryle|3.0|2.0|39.25 zł / l|520
https://images.obi.pl/product/PL/thumb/158541_1.jpg|Soudal Silikon sanitarny 280 ml szary|30.99|23.86|2^5^8|akcesoria do plytek|silikony i akryle|3.0|2.0|110.68 zł / l|521
https://images.obi.pl/product/PL/thumb/290959_1.jpg|Ceresit Uszczelniacz akrylowy CS7 biały, 280 ml|10.99|8.46|4^6|akcesoria do plytek|silikony i akryle|3.0|2.0|39.25 zł / l|522
https://images.obi.pl/product/PL/thumb/662295_1.jpg|Soudal Silikon uniwersalny czarny 280 ml|27.99|21.55|2^3^5|akcesoria do plytek|silikony i akryle|3.0|1.0|99.97 zł / l|523
https://images.obi.pl/product/PL/thumb/632532_1.jpg|Fischer Kotwa chemiczna FIP C 300T 300 ml|37.48|28.86|6^8|akcesoria do plytek|silikony i akryle|2.7|3.0|106.34 zł / l|524
https://images.obi.pl/product/PL/thumb/646958_1.jpg|Lux Kostki do układania silikonu 4szt.|15.99|12.31|1^8|akcesoria do plytek|silikony i akryle|0.0|0.0|15.99 zł / szt.|525
https://images.obi.pl/product/PL/thumb/468892_1.jpg|Soudal Środek do usuwania silikonu 100 ml|49.99|38.49|2^5|akcesoria do plytek|silikony i akryle|5.0|7.0|499.90 zł / l|526
https://images.obi.pl/product/PL/thumb/644586_1.jpg|Szpachelki do silikonu 4 szt.|25.99|20.01|6^8|akcesoria do plytek|silikony i akryle|0.0|0.0|25.99 zł / szt.|527
https://images.obi.pl/product/PL/thumb/634008_2.jpg|Atlas Silikon sanitarny Silton S 217 szmaragdowy 280 ml|46.99|36.18|5^6^8|akcesoria do plytek|silikony i akryle|0.0|0.0|167.83 zł / l|528
https://images.obi.pl/product/PL/thumb/537212_1.jpg|Soudal Aplikator do kartuszy 3 sztuki|2.67|2.06|3^6^8|akcesoria do plytek|silikony i akryle|0.0|0.0|0.89 zł / szt.|529
https://images.obi.pl/product/PL/thumb/322875_1.jpg|Dragon Pro Zmywacz do silikonu 1 l|38.99|30.02|4^8|akcesoria do plytek|silikony i akryle|0.0|0.0|38.99 zł / l|530
https://images.obi.pl/product/PL/thumb/324776_1.jpg|Soudal Super klej do glazury i terakoty 24A 280 ml|19.99|15.39|4^7|akcesoria do plytek|silikony i akryle|4.0|1.0|71.40 zł / l|531
https://images.obi.pl/product/PL/thumb/687693_1.jpg|Pattex Silikon naprawczy renowator Re-New (do łazienek, toalet, korytarzy) biały|37.99|29.25|2^5^7|akcesoria do plytek|silikony i akryle|0.0|0.0|0.48 zł / l|532
https://images.obi.pl/product/PL/thumb/687692_1.jpg|Pattex Silikon naprawczy renowator Re-New (do łazienek, toalet, korytarzy) biały|42.99|33.1|3^4^5|akcesoria do plytek|silikony i akryle|0.0|0.0|0.16 zł / l|533
https://images.obi.pl/product/PL/thumb/571071_1.jpg|Soudal Klej do blach 290 ml bezbarwny|44.99|34.64|5^6^7|akcesoria do plytek|silikony i akryle|0.0|0.0|155.14 zł / l|534
https://images.obi.pl/product/PL/thumb/603446_1.jpg|Soudal Klej do folii budowlanej Vapouresal 310 ml|43.99|33.87|3^4^9|akcesoria do plytek|silikony i akryle|0.0|0.0|141.91 zł / l|535
https://images.obi.pl/product/PL/thumb/324769_1.jpg|Soudal Akryl do tynków 280 ml biały|18.99|14.62|3^8|akcesoria do plytek|silikony i akryle|0.0|0.0|67.83 zł / l|536
https://images.obi.pl/product/PL/thumb/641593_1.jpg|Soudal Klej do dachówek Colodach 280 ml|25.99|20.01|5^9|akcesoria do plytek|silikony i akryle|0.0|0.0|92.83 zł / l|537
https://images.obi.pl/product/PL/thumb/669909_1.jpg|Lux Paca do fug 150 mm|7.99|6.15|3^8|akcesoria do plytek|silikony i akryle|0.0|0.0|7.99 zł / szt.|538
https://images.obi.pl/product/PL/thumb/603440_2.jpg|Soudal Klej do blach 290 ml|44.99|34.64|4^6^7|akcesoria do plytek|silikony i akryle|0.0|0.0|155.14 zł / l|539
https://images.obi.pl/product/PL/thumb/571066_1.jpg|Soudal Klej do blach 290 ml brązowy|44.99|34.64|1^4^7|akcesoria do plytek|silikony i akryle|0.0|0.0|155.14 zł / l|540
https://images.obi.pl/product/PL/thumb/621519_1.jpg|Mapei Silikon Mapesil AC 174 tornado 310 ml|45.99|35.41|1^8|akcesoria do plytek|silikony i akryle|0.0|0.0|148.36 zł / l|541
https://images.obi.pl/product/PL/thumb/659558_1.jpg|Soudal Akryl sanitarny 280 ml|18.99|14.62|1^3^8|akcesoria do plytek|silikony i akryle|2.0|1.0|67.83 zł / l|542
https://images.obi.pl/product/PL/thumb/669911_1.jpg|Lux Paca do fug 300 mm|12.99|10.0|4^8|akcesoria do plytek|silikony i akryle|0.0|0.0|12.99 zł / szt.|543
https://images.obi.pl/product/PL/thumb/683865_1.jpg|Soudal Końcówka mieszająca do kotew 5szt.|8.46|6.51|1^4^8|akcesoria do plytek|silikony i akryle|0.0|0.0|1.70 zł / szt.|544
https://images.obi.pl/product/PL/thumb/571064_1.jpg|Soudal Klej do blach 290 ml szary|44.99|34.64|1^6|akcesoria do plytek|silikony i akryle|0.0|0.0|155.14 zł / l|545
https://images.obi.pl/product/PL/thumb/634022_1.jpg|Atlas Silikon sanitarny Silton S 220 awokado 280 ml|46.99|36.18|4^5|akcesoria do plytek|silikony i akryle|0.0|0.0|167.83 zł / l|546
https://images.obi.pl/product/PL/thumb/339908_1.jpg|Expert Line Uszczelniacz akrylowy do płyt G-K biały 280 ml|15.99|12.31|2^4^5|akcesoria do plytek|silikony i akryle|0.0|0.0|57.11 zł / l|547
https://images.obi.pl/product/PL/thumb/669910_1.jpg|Lux Paca do fug 200 mm|8.99|6.92|1^5|akcesoria do plytek|silikony i akryle|0.0|0.0|8.99 zł / szt.|548
https://images.obi.pl/product/PL/thumb/656081_1.jpg|Stone Master Klej hybrydowy Concrete Glue 290 ml|39.99|30.79|1^4|akcesoria do plytek|silikony i akryle|3.0|1.0|103.42 zł / l|549
https://images.obi.pl/product/PL/thumb/324775_1.jpg|Soudal Uszczelniacz do pieców 280 ml czarny|29.99|23.09|1^3^6|akcesoria do plytek|silikony i akryle|1.0|1.0|107.11 zł / l|550
https://images.obi.pl/product/PL/thumb/326028_1.jpg|Soudal Akryl do płyt G-K 280 ml biały|14.99|11.54|2^3^4|akcesoria do plytek|silikony i akryle|1.0|1.0|53.54 zł / l|551
